1768 3224
718 206 1372 263 PRAEFATIO.

415 336 467 368 ac
491 318 608 369 Tito
632 319 750 371 Coff.
786 338 840 370 ac
867 337 925 369 eo
948 321 1154 385 ejurante
1178 319 1470 370 Domitianus
1494 331 1682 385 praetu-

414 401 510 435 ram
537 385 676 450 cepit.
710 444 713 446 .
747 387 989 436 Frontinus
1016 385 1160 450 igitur
1188 391 1212 445 ’ς
1238 401 1392 435 curam
1420 386 1678 436 Britanniae

414 467 470 500 ac
500 452 663 501 molem
695 453 913 501 sustinens
948 467 1157 517 magnam
1175 489 1191 512 ‚
1225 464 1445 517 quantum
1472 451 1674 513 licebat,

412 517 605 567 validam
625 517 676 567 ἃ
698 534 954 582 pugnacem
975 518 1171 566 Silurum
1192 529 1379 582 gentem
1399 518 1531 567 armis
1547 518 1676 568 sube-

412 583 485 649 git
512 582 647 647 super
679 585 896 634 virtutem
931 581 1127 632 hostium
1155 583 1452 648 locorumque
1481 583 1681 633 difficul-

418 661 562 698 tatem
584 649 822 699 eluetatus.
890 650 1124 714 Aquarum
1148 655 1166 689 5
1191 647 1450 713 praefestus
1469 665 1495 697 a
1509 648 1531 678 ⁶
1550 651 1605 699 N
1607 665 1679 698 er-

411 728 472 764 va
497 728 674 773 creatus
705 715 900 763 libellum
928 716 987 764 de
1013 713 1395 779 aquaedufflbuS‚
1429 715 1587 764 urbem
1610 715 1680 764 in-

411 779 686 840 fluentibuS,
723 780 880 829 edidit.
914 784 932 818 ⁷
953 781 1241 844 Auguratum
1268 780 1418 844 geffit.
1451 778 1470 811 ⁸
1493 780 1678 830 Seceffu

413 846 730 896 Tarracinensi
762 845 1083 897 obleetabatur.
1147 853 1169 884 9
1195 845 1289 896 Rei
1322 846 1530 895 militaris
1563 846 1682 911 peri-

411 924 488 959 tus
512 949 527 971 ‚
584 909 791 1025 Trzq‘ano
844 911 981 960 libros
1039 912 1446 976 strategematicos
1489 912 1680 961 dicavit.

418 985 459 1009 ¹0
482 976 668 1040 Scripsit
702 992 825 1042 onge
845 977 972 1040 plura
984 1011 1002 1037 ,
1036 992 1151 1041 quae
1169 978 1296 1028 fimul
1313 993 1418 1027 cum
1437 977 1532 1026 aliis
1552 993 1681 1025 com-

413 1041 540 1091 muni
559 1043 790 1092 literarum
811 1042 982 1102 iaEIura
1002 1042 1295 1093 intercidere.
1364 1045 1576 1092 Summus
1603 1043 1682 1106 Ju-

416 1107 723 1160 risconsultus.
802 1114 838 1154 ¹.¹
885 1105 1098 1158 Secundo
1148 1107 1383 1158 interdum
1435 1108 1681 1204 reffondit.

681 1236 1009 1281 NoruLAE
1057 1240 1418 1283 scnrvERn.
1555 1175 1688 1257 Mar·
1721 1235 1727 1239 ·
1766 1227 1768 1230 ’

454 1313 478 1345 4
497 1303 638 1338 Tacitus
661 1304 695 1339 in
721 1307 799 1340 Vita
823 1307 1010 1348 Agricolae.
1051 1307 1136 1340 Vide
1153 1305 1189 1341 Gt
1203 1307 1346 1346 adhibe,
1369 1307 1393 1340 fi
1415 1304 1499 1339 tanti
1519 1303 1566 1339 est
1579 1327 1595 1348 ,
1617 1306 1687 1338 He·
1719 1327 1726 1334 .

409 1340 537 1379 florem
559 1345 711 1380 Boetium
737 1347 860 1380 Histor.
887 1350 981 1380 scot.
1000 1347 1057 1380 lib.
1081 1357 1131 1381 rv.

424 1431 427 1433 μ
460 1396 480 1427 5
504 1387 609 1421 'restis
630 1387 697 1431 ipse
725 1388 901 1423 Frontinus
931 1389 990 1422 lib.
1034 1390 1097 1422 De.
1111 1389 1357 1430 Aquaeduelib.
1384 1387 1538 1422 editionis
1561 1386 1689 1421 nostrae

414 1437 493 1470 pag.
514 1438 550 1463 11
581 1454 591 1465 .

417 1473 481 1545 εξ]
489 1439 585 1544 ίῐῖπιιῗ.
609 1471 721 1506 Nerva
729 1472 863 1506 tertium
875 1470 911 1506 &
925 1471 1071 1516 Virginio
1089 1472 1179 1506 Rufo
1198 1472 1283 1508 coff.
1301 1475 1347 1507 A.
1369 1474 1415 1510 V.
1431 1481 1473 1507 ιο
1496 1478 1685 1507 cccxtvu.

483 1523 496 1544 l
528 1523 535 1544 l
559 1523 689 1547 xcvm.

379 1584 381 1589 ,
459 1563 480 1592 7
505 1553 627 1587 Plinius
646 1555 763 1597 Junior
783 1554 842 1588 lib.
862 1564 913 1586 ιν.
936 1555 1029 1595 epist.
1051 1558 1084 1588 8.
1109 1554 1246 1588 Arriano
1267 1554 1349 1589 suot
1370 1555 1563 1588 Gratularis
1583 1555 1687 1590 milti,

415 1596 502 1634 quod
510 1599 686 1635 acceperim
699 1598 929 1633 Auguratum,
953 1596 1022 1630 διε.
1048 1597 1134 1631 Mihi
1151 1607 1227 1630 vero
1241 1597 1470 1640 gratulatione
1485 1597 1618 1638 dignum
1638 1596 1688 1628 νὶ-

416 1636 514 1667 detur
525 1657 535 1670 ‚
558 1637 644 1684 quod
652 1638 780 1678 succeffl
798 1639 819 1681 J
830 1645 879 1670 UL
890 1645 932 1669 ιο
951 1639 976 1670 F
988 1646 1075 1671 RON
1087 1648 1109 1671 T
1119 1647 1164 1671 lu
1175 1647 1196 1671 o
1207 1661 1220 1678 ,
1237 1638 1383 1680 principi
1400 1638 1471 1670 viro
1483 1661 1496 1676 ‚
1522 1636 1592 1672 &c.

460 1677 480 1709 8
501 1676 662 1710 Martialis
681 1679 736 1711 lib.
750 1689 786 1711 x.
809 1679 909 1720 epigr.
930 1688 983 1719 59.
1003 1680 1154 1711 Anxuris
1175 1680 1328 1720 aequorei
1343 1679 1487 1720 placidos
1495 1681 1683 1713 Fnoiwmn

415 1719 552 1765 recfffus
570 1741 584 1758 ,
612 1717 682 1753 &c.
708 1720 824 1753 Anxur
845 1719 882 1754 &
902 1720 1075 1754 Tarracina
1099 1719 1216 1758 eadem
1244 1719 1384 1759 civitas,
1411 1719 1544 1754 auctore
1571 1721 1680 1755 Plinio

416 1763 539 1799 majore
556 1759 589 1792 in
611 1761 729 1794 Histor.
756 1761 905 1794 Natural.

458 1811 480 1843 9
502 1802 650 1843 Raphael
678 1803 910 1836 volaterranus
941 1804 1215 1840 commentarior.
1256 1805 1420 1838 Urbanor.
1443 1803 1504 1838 lib.
1520 1812 1594 1838 xvr.
1617 1803 1683 1847 Ju-

415 1851 497 1876 nus
512 1845 720 1877 Fnommus
739 1845 787 1876 ad
801 1845 977 1885 ijanum
987 1846 1088 1877 libros
1095 1853 1238 1887 quatuor
1247 1846 1524 1887 strategematum
1526 1845 1683 1888 scripsit,

415 1886 452 1917 ἃ
470 1887 509 1916 de
533 1886 635 1925 Aquis
655 1886 765 1918 Urbis.
789 1886 948 1927 Vegetius
963 1887 1021 1920 lib.
1037 1897 1063 1920 1.
1087 1896 1163 1928 cap.
1178 1888 1210 1922 8.
1233 1885 1269 1921 &
1287 1888 1348 1921 lib.
1361 1897 1402 1921 ιι.
1424 1895 1500 1929 cap.
1521 1896 1552 1926 s.
1575 1885 1612 1922 δε
1633 1885 1683 1919 ibi

416 1925 661 1960 Godeschalcus
681 1928 898 1961 stewechius.
931 1929 1067 1962 Carolus
1082 1930 1232 1971 Sigonius
1254 1929 1404 1962 Indiculo
1421 1928 1465 1961 de
1488 1927 1657 1962 Histoi-icis
1670 1950 1683 1963 ,

418 1968 477 2008 qui
507 1969 576 2001 Res
606 1970 772 2001 Romanas
798 1968 989 2010 scripserunt
1020 1972 1061 2003 ab
1090 1972 1180 2005 Urbe
1206 1971 1341 2004 condita
1367 1970 1410 2002 ad
1432 1969 1544 2004 caroli
1568 1969 1683 2012 Magni

412 2009 502 2050 Imp.
525 2017 692 2051 tempora:
715 2013 790 2044 Sex.
801 2011 919 2052 Julius
934 2012 1115 2045 Frontinus
1134 2013 1411 2053 strategematum
1422 2011 1524 2044 libros
1543 2011 1685 2050 conscri-

408 2050 494 2091 pstt,
515 2051 549 2082 in
564 2051 682 2092 quibus
699 2061 743 2084 ex
757 2052 902 2084 omnibus
924 2052 1092 2093 Hillorict's
1108 2054 1255 2093 exempla
1265 2055 1299 2086 in
1309 2060 1416 2086 certos
1432 2052 1516 2085 locos
1531 2052 1567 2084 dr·
1589 2054 1683 2084 inula

411 2094 482 2132 (an
492 2091 655 2135 distincta)
663 2099 833 2125 enumerat
844 2094 987 2134 copiose,
1000 2094 1035 2127 &P
1045 2106 1164 2137 magna
1175 2104 1246 2126 cum
1258 2095 1404 2126 utilitate
1412 2102 1425 2125 .·
1439 2094 1515 2125 licet
1524 2099 1548 2134 p
1561 2103 1682 2133 eraque

411 2134 624 2167 librariorum
641 2142 756 2166 errore
776 2134 885 2174 in'epte
899 2135 965 2175 sint
985 2138 1138 2176 repetita.
1161 2135 1322 2177 (NOTA)
1343 2136 1477 2169 Nervae
1489 2135 1525 2167 ὅ*
1544 2133 1682 2170 Traiani

411 2174 612 2222 femoribus
636 2175 731 2208 vixit.
765 2176 855 2219 Quae
883 2177 1084 2210 verbotenus
1098 2201 1110 2217 ,
1137 2186 1174 2210 ut
1200 2178 1301 2210 multa
1327 2176 1389 2210 alia
1411 2175 1479 2210 ὅπως
1498 2175 1566 2216 πρὸς
1583 2174 1649 2208 ἔπος
1664 2197 1676 2211 .

410 2225 446 2248 m
464 2215 556 2248 suum
577 2217 778 2258 Apparatum
799 2218 841 2249 ad
862 2218 1009 2251 omnium
1031 2219 1176 2261 gentium
1200 2218 1362 2252 historiam
1382 2218 1544 2253 transtulit
1566 2220 1673 2249 Anto-

409 2256 486 2289 nius
508 2256 696 2291 Poss‘evinus
711 2282 724 2299 ,
745 2256 893 2292 senione
909 2269 962 2293 ιιι.
987 2269 1061 2301 cap.
1080 2270 1111 2303 4.
1134 2264 1366 2303 strategemata
1384 2267 1493 2293 autern
1515 2258 1566 2291 bis
1586 2257 1676 2298 apud

409 2296 606 2339 scriptorem
617 2299 742 2341 possta,
764 2302 846 2334 haec
859 2299 951 2335 sunt:
971 2301 1030 2334 lib.
1046 2312 1071 2334 ι.
1092 2313 1166 2345 cap.
1183 2312 1212 2335 ι.
1237 2311 1368 2342 exemp.
1384 2303 1417 2335 8.
1439 2299 1475 2334 ἀ
1493 2301 1549 2333 lib.
1561 2309 1585 2332 1.
1600 2308 1679 2339 cap.

411 2347 446 2378 s.
469 2349 599 2379 exemp.
622 2350 672 2380 13.
691 2341 772 2376 item
793 2342 851 2375 lib.
866 2352 890 2375 1.
914 2351 987 2384 cap.
1007 2351 1040 2380 5.
1063 2353 1194 2385 exemp.
1206 2353 1252 2377 12.
1277 2345 1308 2376 δι
1330 2343 1386 2376 lib.
1403 2351 1451 2375 ιν.
1478 2351 1552 2383 cap.
1570 2352 1602 2383 4.
1623 2349 1678 2375 ex.

410 2381 446 2427 ἕξ.
467 2382 546 2414 item
567 2380 626 2416 lib.
641 2391 667 2416 1.
684 2392 758 2426 cap.
772 2392 820 2417 ιο.
843 2393 974 2424 exemp.
988 2393 1015 2418 ι.
1039 2384 1074 2419 δι
1097 2386 1152 2419 lib.
1172 2395 1220 2419 xv.
1241 2393 1315 2427 cap.
1333 2392 1367 2425 7.
1392 2391 1524 2424 exemp.
1537 2386 1573 2416 6.
1593 2382 1674 2416 item
1725 2422 1728 2423 ⁷

407 2420 470 2454 hb.
488 2432 514 2455 ι.
534 2432 608 2464 cap.
621 2434 653 2466 9.
675 2435 806 2467 exemp.
829 2426 891 2458 ult.
915 2424 951 2460 δι
976 2425 1032 2459 lib.
1052 2437 1102 2462 ιν.
1126 2437 1200 2468 cap.
1218 2435 1250 2467 5·
1685 2430 1688 2433 ”

450 2472 496 2496 ιο.
522 2466 646 2498 Horum
669 2477 735 2513 non
757 2475 862 2508 pauca
882 2476 901 2499 a
923 2468 983 2501 fitu
1015 2466 1052 2502 δε
1071 2469 1204 2502 interitu
1224 2476 1244 2499 a
1262 2466 1359 2501 nobis
1388 2466 1554 2502 vindicata
1579 2464 1673 2503 sunt,

407 2511 511 2544 atque*
526 2515 546 2538 e
568 2508 712 2540 tenebris
733 2517 840 2541 eruta.
1623 2528 1626 2533 ·

447 2554 488 2579 ιι.
511 2547 633 2579 Plinio.
657 2549 800 2592 Joannes
826 2550 1041 2592 cuspinianus
1063 2552 1179 2585 eadem
1203 2552 1285 2584 haec
1306 2551 1348 2584 de
1375 2551 1533 2585 Frontino
1557 2551 1678 2582 verine

407 2585 471 2621 tim
499 2587 599 2623 refert
624 2587 658 2624 in
678 2591 927 2628 commentario
955 2595 998 2627 ad
1029 2592 1207 2629 Caffiodori
1231 2592 1420 2633 Consules,
1440 2593 1538 2666 1ὶὲἓο
1565 2592 1675 2665 Vinci.

1520 2642 1591 2667 ccx
1663 2653 1674 2665 .
