1768 3224
603 231 666 287 s.
731 235 774 300 J.
840 228 1252 284 FRONTINI
1318 229 1507 284 vm

454 353 482 403 '„
514 343 760 393 Permirum
783 340 850 389 est
867 378 881 398 ,
915 339 963 390 in
992 339 1077 388 hac
1101 340 1410 388 controversia
1441 338 1667 389 neminem
1685 373 1703 397 ‚

459 445 486 467 „
521 407 645 473 quod
667 404 796 455 sc'iam
813 442 827 464 ,
858 404 1013 453 versus
1036 403 1170 452 hosce
1188 404 1450 464 attendiss'e‚
1482 403 1560 468 qui
1586 404 1702 453 illam

456 510 483 532 ‚,
517 473 730 522 videlicet
759 471 816 519 de
841 472 982 518 altero
1008 467 1217 518 Frontini
1247 469 1491 518 Consulatu
1508 470 1703 518 mentio·

454 575 482 596 „
519 552 650 597 nem,
703 536 754 585 &
791 535 1011 584 continuo
1042 533 1252 599 quidem,
1303 535 1580 598 sequuntur;
1621 532 1704 582 nist

458 640 486 662 ,,
519 603 643 651 forte
661 600 708 649 in
732 600 858 649 aliam
887 599 1075 647 omnino
1094 610 1265 662 partem
1297 599 1586 663 accipiendos
1603 612 1704 647 cre-

457 704 485 727 „
526 667 764 724 diderunt,
800 679 851 714 ut
892 666 1035 713 Poeta
1072 663 1164 712 hoc
1199 664 1398 713 diceret:
1435 664 1515 712 sub
1550 663 1703 722 civili,

459 770 487 791 „
523 732 712 796 mitique
746 730 1011 778 Nervarum
1057 728 1251 792 imperio
1279 729 1370 792 jam
1405 744 1496 777 non
1527 727 1617 777 effe
1653 728 1708 776 ti-

460 835 488 857 ,
524 797 766 853 mendam,
800 808 850 843 nt
879 791 1109 856 superiore
1144 806 1351 856 tempore
1373 794 1454 842 sub
1478 792 1708 842 Domitia·

460 900 488 920 ‚,
524 879 611 920 n0,
646 860 898 909 sermonum
921 873 974 907 ac
993 858 1204 922 jocorum
1228 858 1482 907 libertatem
1507 858 1583 907 vel
1605 859 1650 905 in
1671 856 1708 904 i-

458 964 486 986 „
519 927 644 992 psam
672 925 925 983 Venetam,
960 923 1236 974 Prafinamve
1255 922 1532 972 Fabiionem.
1604 922 1714 972 Huc

458 1029 486 1051 ,,
519 1003 669 1042 autem
701 991 932 1051 pertinet,
965 988 1086 1050 quod
1113 989 1163 1035 de
1192 987 1712 1051 Fafflonibusaurigato-
1763 1047 1766 1050 ἢ

460 1094 490 1117 ,,
525 1074 640 1116 rum,
675 1053 732 1110 ὅ)
753 1053 913 1119 studiis
943 1053 1159 1117 Principis
1183 1053 1229 1102 in
1262 1054 1550 1103 hunclocum
1568 1055 1712 1101 adno-

463 1159 491 1182 „
526 1121 644 1172 tavit
680 1120 943 1168 Farnabius:
979 1117 1254 1183 periculosum
1282 1129 1376 1166 erat
1396 1119 1483 1182 sub
1517 1121 1712 1177 Nerone,
1766 1167 1768 1169 .

464 1224 490 1246 „
527 1185 725 1243 Vitellio,
758 1182 815 1239 &⁹
839 1183 1084 1233 Domitiano
1102 1185 1158 1231 iis
1168 1182 1355 1245 favere,
1391 1200 1420 1232 a
1438 1186 1588 1246 quibus
1607 1185 1712 1231 alie·
1764 1238 1768 1239 ⁷

463 1289 491 1311 ‚,
526 1255 573 1302 ni
589 1252 823 1313 Principes.
893 1246 1094 1309 Prafinae
1114 1258 1284 1308 autem,
1319 1245 1376 1303 ὅ)
1410 1251 1597 1298 Venetae
1620 1265 1711 1296 ma÷
1762 1259 1768 1280 ‘-

467 1355 494 1376 ‚,
531 1319 643 1367 xime
664 1313 901 1378 favebant.
1003 1314 1269 1378 Eodemque
1305 1316 1495 1375 ,trahere
1528 1314 1712 1362 fortass'e

469 1418 496 1441 „
532 1381 630 1448 quis
653 1380 776 1429 malit
806 1382 959 1429 ultima
983 1379 1120 1426 verba
1161 1378 1479 1442 explicationis
1519 1379 1709 1429 Raderi:
1749 1398 1756 1406 ⁴

467 1483 495 1506 „
530 1447 671 1495 nullus
705 1446 811 1505 erit,
845 1448 914 1508 qui
945 1441 1102 1505 nostros
1130 1446 1253 1508 jocos
1276 1443 1463 1509 infidiqse
1499 1445 1712 1508 excipiat,

467 1549 494 1570 ‚,
530 1511 586 1568 ἐξ
605 1509 773 1573 deferat
807 1512 866 1556 ad
891 1508 1141 1571 Caesarem,
1173 1525 1322 1571 nosque
1353 1526 1444 1558 reos
1452 1508 1633 1572 faciat,
1667 1519 1715 1556 ut

467 1613 495 1635 ‚,
531 1576 773 1625 Domitiani
803 1575 1056 1637 temporibus
1086 1576 1373 1637 contingebat.
1455 1575 1542 1623 Sed
1575 1589 1714 1638 quan·
1743 1611 1768 1620 „

469 1678 496 1699 „
533 1656 667 1704 quam
693 1639 740 1689 in
772 1639 970 1702 priorem
1000 1637 1117 1687 illam
1151 1639 1574 1704 interpretationem
1608 1655 1713 1703 pro-
1766 1664 1768 1666 ·

472 1741 500 1763 „
536 1703 788 1768 penfiorem
808 1703 898 1753 effe
918 1717 991 1751 me
1012 1700 1187 1762 fateor3
1211 1718 1261 1752 tu
1281 1717 1432 1754 tamen
1445 1704 1563 1763 ,Vir
1583 1705 1713 1753 Prae·
1756 1722 1759 1723 ⁷

471 1806 498 1828 2,
535 1769 816 1829 stantisfirne‚
852 1769 943 1818 hoc
977 1767 1115 1817 etiam
1145 1767 1378 1831 dispicieS,
1411 1768 1488 1829 &‚
1523 1769 1626 1834 quid
1663 1770 1717 1818 stt

469 1870 499 1893 ‚‚
536 1834 635 1883 veri
653 1833 834 1883 fimilius
844 1867 863 1893 ,
895 1829 1160 1882 constitues.
1227 1835 1374 1896 Vale,
1405 1833 1578 1895 (Seme,
1599 1835 1720 1900 quoi
1758 1828 1762 1861 ·’

467 1933 495 1958 .,
530 1899 665 1967 fagis,
698 1898 891 1950 redama.

1740 1942 1768 1992 ,Ὗ

630 2031 804 2081 Patavii
825 2046 936 2082 xm.
969 2031 1070 2082 Kal.
1105 2031 1379 2101 Quinailes.
1416 2047 1720 2084 cmnccxxu.

537 2161 739 2214 XXXV.
776 2163 888 2210 Hoc
914 2173 1066 2210 autem
1093 2162 1253 2212 eodem
1288 2179 1405 2214 anno
1436 2164 1723 2212 Commenta·

472 2228 586 2279 rium
609 2229 666 2277 de
702 2226 1043 2290 Aquaedublibus
1069 2243 1097 2275 a
1129 2228 1354 2278 Frontino
1390 2228 1589 2286 editum,
1623 2227 1724 2295 opi-

475 2308 573 2344 nor.
639 2293 692 2341 In
713 2294 811 2356 ejus
834 2291 1155 2340 commentarii
1173 2293 1276 2344 Art.
1301 2299 1378 2347 88.
1415 2298 1491 2354 89.
1524 2308 1606 2354 92.
1639 2307 1723 2355 93.

476 2374 555 2420 94.
590 2357 713 2422 plura
752 2355 877 2404 utilia
900 2356 1266 2421 Aquaedue’tibus
1285 2358 1414 2422 ipfis,
1451 2356 1501 2406 ἃ
1530 2358 1725 2407 Privatis

476 2438 636 2486 aquarn
662 2421 988 2486 recipientibus
1012 2434 1270 2471 enarrantur
1302 2422 1381 2484 (ut
1403 2421 1723 2472 animadverti-

472 2501 570 2535 mus
597 2488 644 2535 in
679 2487 818 2535 Notis
842 2504 880 2536 1.
917 2489 1015 2536 Art.
1033 2492 1110 2551 87.
1145 2485 1196 2536 ἃ
1215 2502 1261 2547 5.
1297 2490 1398 2538 Art.
1414 2486 1519 2551 93.)
1551 2501 1665 2552 quae
1682 2486 1721 2534 i-

471 2551 537 2618 pfl
574 2552 773 2617 Trajano
811 2564 999 2618 accepta
1033 2551 1294 2615 referenda,
1327 2553 1571 2603 Frontinus
1590 2566 1717 2600 com-

1589 2631 1722 2666 mon-
