1768 3224
650 203 695 251 s.
731 205 774 265 J.
809 197 1229 265 FRoNT1N1
1294 197 1495 250 vrTA·

437 318 545 364 vnem
581 320 755 358 certam
787 322 881 356 non
906 307 999 357 effe
1019 344 1034 366 ‚
1067 304 1176 354 nihil
1200 304 1383 370 quidem
1411 308 1703 372 repugnabat

438 375 684 427 dummodo
706 388 765 422 ne
785 373 892 422 illud
913 383 1134 436 negetur,
1161 385 1220 420 ex
1237 386 1290 419 ea
1306 371 1702 445 probabiliffirnu'rii

436 443 564 501 fieri,
600 440 752 489 saltem
775 438 896 486 circa
923 437 1046 486 illum
1068 450 1234 485 aunum
1259 433 1503 501 (nimirum
1530 438 1603 486 vel
1625 452 1702 486 an-

436 524 501 558 no
522 518 630 570 ante
642 541 656 565 ,
681 505 754 555 vel
772 501 1016 569 anno‘post
1027 501 1051 568 )
1073 500 1341 552 Frontinum
1358 501 1406 551 in
1422 501 1701 554 Britanniam

435 572 584 625 iviss‘e.

415 687 422 694 ,
502 638 585 687 ΙΧ.
632 638 821 686 Marcus
854 646 1002 684 autern
1046 632 1234 683 Zuerius
1271 632 1559 683 Boxhornius
1587 665 1601 691 ,
1647 631 1701 682 ἃ

437 703 644 770 plerique
684 705 991 764 Interpretum
1024 699 1072 749 in
1111 699 1256 749 citato
1299 699 1498 748 Cornelii
1538 698 1699 747 Taciti

437 772 546 822 loco
575 766 710 816 anxie
741 765 1001 830 inquirunt,
1035 781 1126 828 quo
1152 762 1406 814 referantur
1428 765 1571 816 verba
1597 756 1699 822 illa,
1741 826 1745 829 ἱ

441 845 645 899 quantum
670 833 854 880 licelmt:
889 847 980 895 ego
1002 846 1118 880 vero
1136 829 1260 878 facio
1279 846 1384 879 curn
1401 827 1671 878 Boxhornio
1684 860 1699 887 ,
1766 847 1768 850 ¹

438 900 518 965 qui
536 901 592 948 ad
616 897 937 963 praecedentia
954 897 1095 945 verba
1108 934 1121 955 ,
1130 893 1341 960 sustinuit
1353 910 1507 958 quoque
1525 893 1671 942 molem
1682 927 1698 951 ,

440 980 496 1012 ea
515 962 754 1013 referenda
787 961 1039 1012 contendit.
1107 961 1334 1029 Quasdam
1360 960 1482 1009 enirn
1505 959 1608 1008 alias
1630 958 1699 1006 in-

440 1023 793 1094 terpretationes
813 1065 828 1088 ,
869 1025 1073 1092 quamvis
1101 1025 1531 1077 honorificentiores
1558 1021 1697 1088 gestis

437 1094 652 1144 Frontini
683 1092 854 1151 nostri,
888 1091 1015 1158 quod
1040 1106 1115 1141 eas
1137 1087 1285 1142 minus
1313 1090 1574 1157 probabiles
1600 1086 1702 1158 exi-

439 1158 601 1222 stim0‚
633 1159 779 1210 miss'as
801 1158 939 1208 facio,

760 1251 915 1283 ANNo
957 1237 1102 1282 Cnn.
1142 1236 1399 1283 LXXVIII.

823 1294 879 1338 V.
912 1293 965 1338 C.
996 1292 1349 1339 DCCCXXXI.

655 1347 709 1394 L.
769 1347 1071 1393 Cmomo
1129 1349 1479 1394 COMMono.

707 1400 768 1448 D.
810 1403 991 1448 Novm
1029 1405 1244 1449 Pmsco.
1278 1404 1432 1450 Coss.

496 1477 559 1531 X.
592 1470 683 1528 His
714 1476 983 1543 Consulibus
1005 1513 1019 1535 ,
1054 1493 1158 1527 curn
1187 1477 1401 1542 Agricola
1437 1475 1523 1541 (ut
1552 1476 1703 1542 paullo

442 1559 548 1598 ante
566 1541 790 1605 diximus)
811 1541 1071 1603 Britanniae
1086 1542 1292 1607 regimen
1309 1542 1580 1606 susceperit,
1600 1555 1699 1590 cre·

442 1611 582 1661 dibile
616 1606 683 1656 est
703 1641 722 1668 ,
754 1606 1020 1656 Frontinum
1049 1608 1278 1657 reversum
1305 1606 1439 1658 fuiffe
1471 1609 1699 1665 Romam,
1759 1619 1761 1622 ⁴

447 1674 629 1727 subacta
650 1672 744 1734 jam
780 1671 1000 1736 proximis
1033 1672 1334 1737 superioribus
1360 1674 1490 1723 annis
1521 1673 1570 1723 in
1591 1671 1702 1721 'Bri-

444 1739 602 1791 tannia
620 1737 815 1786 Silurum
837 1745 1002 1802 gente,
1038 1739 1270 1788 incolente
1287 1739 1552 1804 regionem,
1587 1749 1703 1802 quae

445 1822 571 1862 nun-c
600 1802 879 1867 principatus
902 1802 1098 1853 Walliae
1122 1811 1223 1869 pars
1243 1803 1338 1864 est,
1373 1803 1424 1855 δι
1453 1801 1701 1854 ῃονίεώο-

444 1873 522 1921 die
545 1867 800 1919 nominibus
835 1867 858 1932 (
870 1883 920 1917 ut
946 1868 1103 1918 scribit
1130 1867 1336 1920 Michael
1357 1870 1626 1933 Virdungus
1652 1867 1702 1918 in

444 1938 522 1987 sua
560 1935 618 1983 ad
658 1933 845 1983 citatum
886 1935 1038 1984 locum
1074 1934 1232 1983 Taciti
1268 1930 1421 2000 nota)
1469 1929 1718 1995 Heaeefor'ds.

435 2001 580 2068 schire
607 2037 622 2059 ,
674 1997 989 2062 Radnorschire
1021 2035 1037 2057 ,
1085 1999 1406 2064 Brecnocschire
1422 2036 1438 2060 ,
1481 1996 1704 2048 Monmut-
1751 2005 1753 2009 “

436 2066 584 2134 schira
596 2103 610 2124 ,
646 2063 1032 2127 Glamorgenschire
1051 2066 1314 2129 appellatur.

518 2132 602 2180 XI.
639 2130 866 2177 Credibile
885 2145 1068 2194 quoque
1088 2129 1181 2190 est,
1216 2131 1334 2178 circa
1354 2130 1472 2180 haec
1491 2142 1700 2193 tempora
1743 2139 1746 2142 ’

448 2195 720 2247 Frontinum
759 2193 1006 2243 admoviffe
1034 2210 1215 2244 manum
1251 2195 1497 2245 scribendis
1522 2196 1699 2255 Libris,

451 2261 532 2323 qui
556 2260 946 2319 Strategematum‚
978 2258 1074 2309 five
1103 2264 1153 2308 de
1174 2259 1408 2324 solertibus
1428 2261 1600 2309 Ducum
1609 2260 1699 2324 fa-

450 2329 530 2375 elis
543 2323 599 2380 δέ)
610 2325 732 2372 dietis
752 2324 1065 2374 inscribuntur.
1100 2327 1225 2375 Nam
1240 2327 1288 2376 in
1301 2326 1641 2376 Commentario
1652 2327 1704 2376 de

452 2390 793 2453 Aquaeuuffibus
808 2388 933 2453 (Art.
950 2389 1018 2452 2.)
1038 2391 1284 2451 profitetur
1295 2429 1311 2452 ‚
1323 2391 1370 2441 se
1385 2392 1493 2441 alios
1506 2390 1698 2453 Libros,

449 2469 629 2519 praeter
666 2456 803 2514 ipsum
842 2455 891 2502 de
921 2455 1263 2517 Aquaedufflbus
1283 2457 1668 2521 Commentarium
1686 2496 1701 2518 ,

449 2519 541 2586 ΡΨ
560 2521 846 2585 ⁶xP871'mss'2ta
867 2518 923 2576 &⁹
942 2524 1058 2581 ulum
1073 2521 1392 2587 composuisse.
1424 2524 1601 2581 Nonne
1620 2522 1703 2571 ita-

1614 2599 1707 2659 3¹¹³.
