1768 3224
617 235 666 284 5.
734 235 777 299 J.
846 232 1261 283 FRONTINI
1328 234 1542 289 νιΤΑΔ

447 379 474 402 ,,
511 342 659 391 debet.
729 340 929 409 Quando
951 339 1116 402 igitur,
1150 341 1270 405 quod
1296 341 1342 391 in
1365 342 1699 406 quaestionibus
1732 392 1734 395 ,

446 442 472 467 ,‚
507 406 758 455 istiusmodi
783 405 873 454 effe
890 405 1182 469 praecipuum
1203 407 1527 458 adminiculum·
1545 409 1658 458 tolet
1680 446 1697 469 ‚
1766 435 1768 438 ·

447 509 473 531 ,‚
510 471 789 535 comparatio
809 482 1064 533 temporum
1079 469 1190 521 nihil
1209 472 1425 538 adjuvat,
1455 473 1560 523 satis
1576 474 1696 524 enim
1763 517 1768 535 2

444 575 472 598 „
510 537 687 586 constat
722 551 840 600 pene
866 535 1146 600 synchronos
1170 536 1256 596 hos
1276 537 1413 587 libros
1446 553 1551 588 ortu
1571 539 1694 598 effe3
1761 539 1768 599 ς’

443 640 470 664 ,,
507 602 688 651 videtur
705 601 823 649 ratio
844 600 991 648 omnis
1020 601 1253 650 dubitandi
1274 603 1467 666 petenda
1495 621 1521 652 a
1551 603 1697 655 forma
1763 604 1768 656 i

444 707 470 728 „
508 667 603 731 ipsa
638 664 906 725 locutionis,
952 681 1068 729 quae
1098 666 1340 731 utrobique
1377 667 1444 717 est
1477 669 1696 718 adhibita.
1762 678 1768 697 ’ἱ

446 772 473 793 ,,
516 732 680 780 Effecit
714 732 861 793 haec,
907 743 958 778 ut
982 730 1159 795 quidam
1197 731 1558 794 suspicarentur,
1602 750 1695 783 non

444 836 470 858 „
507 797 702 845 eundern
736 794 826 845 effe
868 794 1164 854 Frontinflm,
1198 796 1273 860 qui
1309 796 1442 846 libros
1464 800 1694 862 stratege·-

442 902 469 923 „
508 862 696 911 maticos
721 899 734 921 ‚
778 861 828 909 ἃ
865 861 924 908 de
964 861 1333 925 Aquaeduffibus
1365 864 1701 934 conscripserit-⁷

442 966 467 988 „
505 931 579 977 Ac
599 927 755 991 negari
789 938 880 974 non
912 926 1095 989 potest,
1129 926 1365 976 discrimen
1396 929 1453 976 ali
1487 929 1579 977 uotl
1603 934 1694 991 ’χοο

442 1032 469 1053 „
507 997 710 1056 pax-rh&-
747 991 1057 1050 intercedere»,
1092 991 1305 1055 reaeque
1331 992 1472 1041 vider-⁴1
1496 995 1563 1045 cl.
1595 999 1694 1043 lm-

443 1098 469 1119 „
504 1061 643 1107 benio
666 1056 897 1121 ²puriorem
921 1054 974 1105 δε
998 1056 1354 1104 emendatiorem
1373 1058 1420 1106 in
1444 1057 1588 1107 Libro
1625 1061 1693 1108 A·
1734 1110 1735 1116 ,

440 1161 466 1183 ,,
505 1124 836 1188 ςυειεάυὲὶυυω
871 1121 1119 1169 sermonem
1144 1121 1263 1180 effe,
1294 1137 1424 1184 quam
1452 1122 1692 1173 iu'Strate-

438 1228 465 1248 „
500 1188 714 1253 gematis,⁴
771 1189 943 1234 Verum
979 1196 1157 1234 attente
1185 1186 1485 1250 scriptahaec
1503 1188 1625 1238 inter
1649 1191 1695 1238 se

439 1293 465 1313 „
503 1251 881 1317 componentibus
904 1251 1362 1305 diffimilitudoltanta
1375 1267 1467 1301 nou
1487 1269 1690 1318 apparet,

432 1341 465 1378 ·„
502 1333 552 1369 ut
573 1331 814 1382 propterea
837 1315 1078 1364 Frontinos
1099 1315 1213 1364 duos
1237 1315 1388 1365 facere
1410 1317 1464 1366 fit
1482 1318 1691 1378 necess'e3

438 1422 465 1444 ‚,
503 1380 605 1445 cum
630 1381 889 1447 praesertim
912 1380 1044 1444 hujus
1066 1381 1111 1429 in
1133 1381 1369 1444 Scriptore
1390 1398 1486 1436 uno
1510 1383 1691 1433 dimmi-

438 1487 464 1509 ,,
499 1447 700 1499 litudinis
715 1447 831 1496 ratio
853 1445 1095 1510 probabilis
1114 1446 1268 1498 afferri
1297 1448 1449 1510 poffit.
1516 1451 1688 1498 Strate-

438 1554 463 1574 „
501 1527 680 1580 gemata
699 1512 817 1560 enim
851 1527 911 1560 ex
945 1511 1240 1573 scriptoribus
1269 1512 1364 1560 aliis
1387 1508 1572 1578 aliisque
1594 1529 1690 1564 tum

437 1619 464 1639 „
504 1578 706 1636 Latinis,
741 1590 836 1625 tum
859 1576 1044 1625 Graecis
1079 1576 1379 1640 conquifivit3
1414 1594 1561 1643 neque
1580 1595 1690 1643 pro·

433 1682 458 1704 „
495 1645 599 1693 inde
619 1642 783 1690 mirum
801 1640 866 1689 est
884 1642 1031 1689 minus
1051 1641 1281 1703 eleganter
1297 1644 1434 1692 multa
1455 1645 1689 1704 enarrasse,
1740 1659 1741 1664 ¹

433 1747 459 1768 „
495 1723 607 1775 quae
644 1723 669 1755 a
707 1705 852 1754 minus
885 1705 1166 1770 elegantibus
1187 1704 1510 1762 ,transtulitfin
1535 1711 1688 1758 libros

432 1812 459 1834 ‚,
494 1779 608 1823 suos.
678 1774 770 1820 Cur
791 1784 943 1820 autem
978 1772 1024 1820 in
1046 1771 1352 1820 describendis
1378 1774 1686 1838 Aquaeduffl-
1736 1823 1739 1825 ,

432 1878 458 1899 ,‚
495 1842 575 1888 bus
599 1838 654 1887 fit
686 1838 832 1885 oratio
862 1836 1148 1901 castigatior,
1183 1852 1276 1886 non
1310 1841 1686 1902 perperamaffir·
1727 1851 1729 1855 ·

430 1943 456 1963 ,,
496 1921 589 1953 rnes
624 1903 792 1952 facium
824 1902 958 1962 inde,
991 1902 1111 1967 quod
1140 1903 1387 1967 .Aquarum
1431 1904 1624 1952 Curator
1657 1921 1686 1953 a
1735 1946 1738 1948 ,

430 2008 456 2029 ,,
491 1972 651 2019 Nerva
669 1968 877 2030 Augusto
898 1982 1100 2027 creatuS‚
1133 1967 1302 2016 habere
1338 1969 1543 2036 potuerit
1563 1969 1684 2036 quali
1712 1979 1736 1989 ”

431 2074 458 2094 ,,
496 2034 853 2098 promptuarium
888 2033 1144 2082 lefitiffimae
1174 2032 1386 2096 phraseos
1406 2039 1464 2087 ex
1491 2031 1681 2094 tabulis}

428 2139 455 2159 ,,
494 2099 546 2149 &
568 2099 871 2148 monumentis
901 2097 1191 2162 magistratus
1222 2099 1348 2162 ejus,
1381 2098 1579 2164 indeque
1602 2115 1680 2163 pe·

426 2203 451 2224 ‚,
490 2179 585 2213 tere
621 2164 757 2212 verba
793 2163 1014 2228 propria,
1047 2162 1265 2226 genuinas
1293 2165 1683 2224 nomenclaturas3

426 2227 714 2294 „syntaxeis
749 2228 1003 2292 legitimas,
1039 2229 1330 2293 coloremque
1365 2229 1588 2279 sermonis
1622 2231 1679 2279 ad

424 2334 449 2354 ‚‚
488 2308 741 2358 germanam
792 2292 1061 2342 latinitatem
1126 2293 1335 2355 proxime
1403 2292 1679 2344 accedentis.
1716 2285 1739 2354 Ξ

409 2364 448 2419 ’,,
487 2362 763 2428 Quamquam
801 2370 859 2406 ne
894 2357 997 2406 illud
1031 2357 1211 2422 quidem
1240 2357 1416 2406 dederis
1455 2358 1680 2419 omnino,
1722 2351 1739 2416 l?

421 2463 449 2483 „
487 2425 741 2487 puriorem,
777 2423 829 2473 ἀ
850 2423 1210 2471 emendatiorem
1231 2421 1281 2482 ,in
1297 2421 1676 2488 Aquaeduauum
1715 2423 1734 2483 ,ᾗ

419 2528 447 2549 ,,
485 2490 600 2538 libro
624 2489 871 2538 sermonem
902 2487 1007 2537 effe.
1072 2487 1198 2536 Nam
1225 2499 1278 2539 ut
1307 2487 1354 2536 in
1378 2489 1451 2542 his
1471 2503 1565 2536 non
1587 2504 1672 2541 una
1711 2486 1732 2545 ἐξ

420 2593 448 2615 ‚‚
485 2567 761 2617 occurrunt,
798 2555 845 2603 in
861 2553 1024 2617 quibus
1043 2553 1149 2603 satis
1167 2551 1370 2604 cernitur
1390 2553 1674 2619 lapsalatiui·

1514 2653 1542 2676 ‚9
1580 2630 1673 2679 tas,
1706 2631 1726 2684 '¹3'-
