1768 3224
624 253 671 307 ε.
742 256 784 321 J.
855 238 1268 305 FRONTiNt
1330 215 1541 305 vimi

548 365 609 415 Et
638 363 743 428 quod
769 363 1023 410 inhumanae
1053 376 1202 409 cancro
1214 360 1419 424 fervente
1440 360 1612 410 cicadae

579 431 679 478 Non
706 443 854 476 novere
885 441 1056 484 nemus,
1081 425 1388 490 flumineosque
1412 428 1569 485 Iacu53
1608 457 1625 462 -ι

546 495 666 544 Dum
691 494 800 541 colui
811 530 823 552 ,
858 493 1000 541 doctas
1022 501 1164 540 tecum·
1180 493 1390 540 celebrare
1415 492 1604 541 'vacabat

579 561 778 609 Pieridas
796 595 810 617 ,
842 572 951 605 nunc
976 573 1051 604 nos
1073 559 1265 606 maxima
1285 558 1424 607 Roma
1448 560 1566 607 terit.

453 625 592 678 Uude
623 625 760 672 etiam
789 622 959 687 liquere
990 623 1173 685 potest,
1208 624 1476 673 Frontinum
1495 638 1598 679 nott
1619 624 1698 672 ab·
1764 641 1768 643 ·

451 689 676 743 horruiss'e
695 690 751 735 ab
771 686 1106 746 amoenioribus
1117 687 1297 750 studiis,
1323 687 1376 738 δι
1397 686 1532 737 fuisse
1542 698 1603 738 e'x
1617 688 1697 749 iis,
1751 683 1768 765 j

456 757 534 822 qui
558 754 812 805 Martialem
827 751 1046 801 foverunt
1059 785 1078 813 ,
1098 766 1237 819 atque
1257 766 1548 814 amaverunt3
1572 754 1698 820 quod
1763 766 1768 796 ἐ

453 821 732 871 ostendimus
757 818 893 866 etiam
920 819 967 866 in
991 818 1123 866 Nota
1144 832 1189 868 1.
1223 819 1330 868 Art.
1350 824 1426 873 88.
1675 838 1678 849 ⁵

516 885 698 935 XVIII.
732 882 802 932 Ut
840 891 890 931 ut
925 896 1036 932 vero
1062 883 1278 933 credibile
1303 883 1371 932 est
1382 920 1404 942 ,,
1445 882 1701 932 Domitiani

450 965 661 1012 tempore
678 947 895 999 seceffiffe
909 947 1176 998 Frontinum
1190 986 1205 1008 ,
1239 948 1345 998 satis
1357 961 1509 997 tamen
1527 947 1704 998 constat

452 1034 512 1066 ex
536 1018 588 1067 C.
623 1014 756 1065 Plinii
780 1012 965 1063 Caecilii
989 1013 1224 1077 Epistolis,
1252 1014 1377 1063 illurn
1397 1014 1548 1062 Roma
1572 1029 1704 1078 ptor-

453 1084 525 1133 sus
558 1097 650 1130 non
681 1078 869 1128 caruisse
897 1095 908 1127 :
955 1078 1315 1144 quandoquidem
1347 1078 1397 1128 in
1422 1077 1624 1143 Epistola
1651 1094 1695 1130 1.
1752 1086 1758 1119 ἰ

451 1151 481 1198 l.
499 1165 544 1198 v.
568 1147 624 1195 de
636 1145 782 1194 cauffa
791 1143 976 1193 Curiani
998 1144 1080 1192 filii
1099 1161 1124 1193 a
1141 1157 1284 1194 matre
1294 1143 1585 1194 exhaeredati
1599 1157 1702 1195 ver-

452 1215 510 1263 ba
529 1211 698 1261 faciens
714 1210 883 1259 Plinius
901 1207 1012 1273 (qui
1035 1225 1150 1258 unus
1171 1221 1274 1258 erat*
1290 1225 1350 1258 ex
1368 1207 1586 1258 institutis
1598 1208 1704 1257 hae-

452 1278 634 1327 redibus
647 1276 669 1335 )
688 1276 802 1324 haee
814 1275 952 1323 habet
963 1291 978 1331 3
994 1275 1171 1323 adhibui
1182 1277 1228 1322 in
1238 1272 1449 1336 confilium
1458 1275 1560 1323 duos
1569 1308 1586 1332 ,
1605 1291 1705 1338 quos

459 1354 559 1390 tunc
573 1343 731 1389 civitas
748 1340 889 1405 nostra
908 1337 1236 1404 speaatiffimos
1245 1341 1399 1390 hahuit
1410 1374 1430 1401 ,
1454 1340 1703 1401 Corellium,

451 1407 510 1463 ὅ)
527 1407 788 1456 Frontinum.
822 1406 877 1455 Id
895 1419 1044 1454 autem
1066 1406 1334 1456 Domitiano
1354 1421 1506 1454 rerum
1524 1406 1706 1469 potien-

451 1488 501 1522 te
523 1471 794 1535 contigisse,
820 1485 877 1519 ex
899 1469 1038 1518 citata
1059 1471 1258 1534 Epistola
1279 1469 1432 1533 potest
1452 1470 1633 1522 evinci:
1653 1472 1703 1521 in

452 1553 539 1600 qua
562 1537 729 1584 Plinius
758 1534 943 1591 scribit;
969 1535 1224 1583 Cohaeredes
1243 1538 1326 1583 mei
1348 1548 1612 1598 componere,
1648 1534 1706 1592 ὅ)
1744 1590 1747 1591 ⁷

453 1599 685 1663 transigere
710 1601 936 1661 cupiebant
962 1616 976 1653 ;
1023 1617 1102 1647 non
1136 1595 1377 1664 diffidentia
1406 1598 1601 1663 wissae,
1621 1602 1706 1666 sed

451 1678 565 1715 metu
597 1676 838 1727 temporum.
910 1663 1200 1715 Verebantur.
1236 1666 1345 1728 quod
1367 1666 1569 1714 videbant
1598 1670 1705 1717 mul-

450 1736 513 1780 tis
537 1728 761 1792 accidiffi’,
794 1745 846 1777 ne
877 1744 931 1777 ex
964 1732 1259 1780 centumvirali
1274 1731 1440 1796 ,iudicio
1463 1734 1626 1796 capitis
1640 1736 1706 1782 rei
1735 1739 1762 1790 223

447 1800 631 1846 exirent.
684 1795 778 1864 Qui
795 1808 942 1843 metus
963 1797 1021 1845 ad
1040 1797 1290 1846 Domitiani
1311 1809 1516 1862 tempora
1536 1802 1703 1863 procul
1736 1787 1768 1860 3

445 1862 590 1913 dubio
612 1859 770 1908 referri
791 1860 943 1908 debet.
1090 1916 1093 1917 ⁷
1524 1894 1527 1898 Α
1548 1921 1551 1924 ¹
1732 1861 1768 1934 j

516 1925 644 1975 XIX.
679 1927 750 1973 Ex
772 1925 1003 1990 diligentia
1022 1941 1136 1977 vero
1151 1966 1166 1989 ,
1191 1942 1329 1995 atque
1353 1944 1460 1979 cura
1480 1929 1531 1978 in
1547 1943 1716 1980 recen·⁴
1739 1936 1755 2011 3

450 1992 599 2044 fendis
623 1993 752 2055 Lege
770 2002 905 2054 atque
919 1991 1326 2044 Senatusconsultis
1345 1995 1391 2044 in
1412 1997 1703 2044 Commenta·
1735 2019 1753 2037 2·

448 2059 521 2108 rio
539 2058 589 2105 cle
605 2055 975 2119 Aquaeduaihus,
1009 2056 1062 2106 δε
1082 2075 1141 2109 ex
1160 2060 1308 2109 citato
1329 2061 1436 2109 loco
1455 2059 1591 2109 Plinii
1610 2061 1702 2108 col-
1729 2055 1751 2122 ξιξ

449 2124 592 2188 ligere
618 2122 757 2181 licet,
793 2122 914 2185 Juris
943 2139 1124 2188 quoque
1142 2126 1339 2189 peritum
1361 2124 1499 2174 fuiffe
1518 2126 1557 2173 F
1557 2126 1702 2173 ronti·
1732 2118 1749 2181 ἐξ

447 2205 561 2238 num
591 2186 815 2235 nostrum.
884 2187 1008 2258 Quid
1036 2201 1188 2239 autem
1215 2191 1360 2240 velint
1384 2189 1700 2253 Cuspinianus,
1734 2190 1745 2235 «ζ

448 2253 503 2302 ἃ
527 2254 774 2300 Catanaeus
794 2289 807 2308 ‚
840 2254 919 2315 qui
947 2251 1005 2299 de
1038 2255 1263 2304 Frontino
1295 2255 1524 2304 tradidere
1558 2255 1700 2314 haec;
1730 2275 1740 2315 f

443 2319 646 2367 Summus
663 2315 1003 2380 Jurisconsultus
1027 2318 1215 2370 Secundo
1232 2322 1440 2368 interdum
1459 2319 1668 2383 respondit
1682 2357 1697 2379 ,

447 2384 532 2432 nisi
559 2384 604 2431 id
633 2395 782 2431 totum
814 2384 916 2431 elici
946 2383 1073 2447 poss'e
1102 2387 1291 2435 credant
1317 2400 1376 2435 ex
1406 2385 1536 2448 supra
1560 2386 1700 2433 allatis

447 2447 582 2497 Plinii
616 2446 769 2495 verbis
789 2483 804 2506 ‚
850 2447 969 2497 haud
1006 2448 1139 2499 facile
1170 2450 1344 2514 liquet:
1381 2462 1509 2498 certe
1534 2451 1707 2506 Petrus:

450 2511 704 2561 Scriverius
727 2512 857 2561 hunc
874 2515 1067 2563 eundem
1090 2516 1333 2564 citatorum
1349 2514 1697 2564 Authorum-lo-
1714 2522 1733 2561 .’

443 2593 549 2629 cum
589 2575 836 2642 respiciens
874 2577 987 2644 (sub
1018 2579 1196 2631 initium
1232 2578 1459 2632 Editionis
1491 2581 1695 2644 Operum

1551 2646 1694 2693 Fron-
