1768 3224
286 254 333 319 A
365 270 407 334 J.
438 259 748 319 PoLnNo
802 223 1271 320 CONTEXTA;

69 422 73 426 .
154 375 460 427 notationibus
497 374 553 424 ad
587 375 730 438 ipsum
765 374 976 424 Frontini
1014 367 1399 432 Commentarium

151 440 395 492 ‘necessario
423 440 646 504 sequenda
671 439 774 491 fuit.

302 536 450 573 Auno
492 526 683 570 Anime
728 525 882 570 VvLc.
929 524 1062 571 Gna.
1093 518 1241 572 LXX.

267 626 272 630 ,
363 593 513 627 νιιΒιε
542 593 825 626 CONDITAE
850 581 1194 627 DCCCXXIII.

229 633 290 683 T.
316 637 539 693 FLAVIQX
571 637 919 681 VESPASiANo
959 640 1219 683 AvcvsTO.
1244 637 1303 684 11.

392 691 452 736 T.
480 692 684 738 FLAvio
713 692 977 738 CAESARE
1007 693 1155 739 Coss.

166 807 170 810 -
214 772 306 821 IV.
337 771 407 820 Ut
427 770 596 834 patria,
629 771 693 820 ita
711 787 892 836 quoque
917 773 963 820 in
987 773 1178 823 obscuro
1198 774 1299 824 sunt
1326 791 1404 824 res

151 852 181 887 a
209 835 431 887 Frontino
464 834 616 900 gestae
650 851 789 901 usque
824 837 879 885 ad
912 838 1183 890 Praeturam.
1266 841 1406 909 Quod

154 900 276 950 enim
296 902 490 964 primum
510 901 568 949 de
583 901 807 950 Frontino
827 916 1133 964 memoratur,
1150 905 1198 954 id
1221 905 1311 965 est,
1346 909 1403 955 ab

158 983 216 1016 eo
235 968 421 1016 Urbano
437 967 653 1015 Praetore
669 967 887 1016 Senatum
906 967 1040 1016 fuiss'e
1060 983 1297 1020 vocatum.
1330 973 1404 1021 En

157 1033 298 1082 verba
320 1031 499 1089 Taciti,
532 1030 608 1094 qui
627 1030 866 1095 postquam
894 1031 1255 1097 in.ffistorz·arum
1281 1036 1311 1083 l.
1333 1053 1403 1086 iv·

157 1113 202 1147 c.
227 1103 302 1160 38.
323 1095 596 1145 ⁴narraverat
613 1133 627 1155 ,
664 1095 985 1160 Vespafianum
1014 1100 1180 1148 iterum
1197 1137 1211 1158 ‚
1236 1102 1297 1149 'ac
1321 1101 1408 1149 Ti·
1439 1131 1442 1134 <

159 1174 257 1210 tum
285 1161 490 1217 absentes?
515 1161 787 1209 consulatum
819 1161 963 1210 iniiffe
984 1199 999 1221 ,
1031 1162 1080 1213 in
1101 1180 1201 1228 cap.
1227 1181 1301 1229 39.
1342 1166 1406 1214 ita

158 1228 307 1291 pergit
329 1242 346 1286 3
382 1225 484 1273 Kal.
525 1226 764 1287 Januariis
788 1228 834 1273 in
858 1227 1020 1275 Senatu
1041 1265 1058 1288 ‚
1105 1245 1224 1292 quem
1252 1230 1410 1292 Julius

159 1291 386 1340 Frontinus
400 1291 579 1339 Praetor
595 1292 793 1339 Urbanus
814 1304 1060 1354 vocaverat,
1083 1295 1268 1356 Legatis
1286 1312 1409 1344 exer-

158 1358 412 1418 citibusque,
467 1371 519 1402 ac
547 1355 744 1416 Regibus
770 1357 915 1403 laudes
939 1369 1169 1420 gratesque
1199 1360 1408 1411 decretae.

159 1422 225 1470 Ec
249 1420 388 1468 Tertio
406 1419 590 1480 Juliano
599 1421 836 1478 Praetura,
864 1431 1076 1484 tamquam
1093 1427 1409 1487 transgredien-

160 1497 246 1535 tem
257 1489 302 1533 in
307 1495 457 1549 partes
471 1481 719 1548 Vespasiani
732 1487 933 1547 legionem
946 1486 1182 1550 dfferug'ffet
1193 1527 1206 1548 ,
1230 1490 1379 1539 ablata
1390 1526 1407 1551 ,

159 1561 211 1599 ut
233 1552 280 1597 in
295 1551 478 1598 Plotium
498 1550 699 1612 Griphum
721 1549 1047 1613 transferretur.
1083 1554 1242 1601 Hormo
1266 1557 1407 1618 digni-

161 1625 234 1677 tas
248 1613 446 1678 equestris
461 1614 582 1662 data.
618 1613 683 1669 Et
697 1630 794 1662 mox
803 1649 820 1674 ‚
840 1616 1036 1679 ejurante
1046 1616 1246 1666 Frontino
1256 1654 1274 1679 ,
1302 1623 1408 1668 Cae-

151 1676 234 1746 sar
254 1680 525 1728 Domitianus
539 1680 794 1728 Praeturam
816 1683 942 1743 cepit.
970 1682 1239 1744 ‚Ejuraviss'e
1257 1698 1407 1736 autem

162 1744 429 1796 Frontinum
451 1744 684 1803 existimo,
721 1758 772 1793 ut
793 1747 1060 1795 Domitiano
1079 1764 1258 1812 gratum
1284 1750 1409 1800 face-

158 1822 258 1870 ret,
290 1809 471 1873 quinon
494 1810 635 1858 modo
653 1810 876 1860 honorem
900 1814 1140 1861 Praeturae
1164 1816 1406 1877 Urbanae,

161 1874 236 1924 sed
269 1875 457 1923 honorem
490 1876 511 1925 s
522 1888 572 1924 ut
603 1875 849 1924 Suetonius
879 1876 927 1925 in
963 1878 1060 1941 ejus
1088 1879 1204 1927 Vita
1230 1896 1330 1941 cap.
1362 1899 1404 1932 1.

160 1939 350 2004 scribit)
371 1941 604 1989 Praeturae
631 1942 833 1988 Urbanae
860 1957 951 1990 cum
968 1941 1176 2006 potestate
1198 1945 1405 2008 consulari

150 2002 353 2069 suscepit.
419 2005 644 2054 Credibile
677 2005 814 2054 etiam
850 2007 916 2055 est
937 2044 950 2067 ,
985 2007 1196 2058 studuiffe
1229 2013 1406 2059 Fronti-

163 2084 298 2129 num,
330 2082 382 2119 ut
403 2071 493 2118 hoc
513 2070 639 2119 facito
661 2073 984 2134 Imperatorem
1007 2072 1151 2135 ipsum
1174 2075 1410 2137 Vespasia-

159 2139 266 2183 num
287 2134 533 2184 Domitiani
561 2147 737 2198 patrem
768 2136 1086 2187 demereretur.
1157 2139 1299 2187 Hunc
1328 2157 1406 2187 ve-

157 2213 218 2247 ro
247 2200 509 2249 Frontinum
539 2199 736 2250 nostrum
770 2201 926 2261 fuiffe,
962 2202 1105 2267 quide
1129 2203 1409 2267 Aquaetlubli-

161 2265 244 2312 bus
263 2263 462 2327 scripsit,
498 2265 722 2315 neminem
748 2265 926 2326 inveni,
960 2267 1037 2331 qui
1065 2284 1268 2332 negaret.

227 2330 294 2378 V.
329 2329 580 2392 Stephanus
600 2330 835 2380 Vinandus
856 2332 1038 2395 Pighius
1062 2333 1147 2396 (ad
1165 2350 1327 2383 annum
1345 2338 1409 2386 ul-

168 2393 325 2442 timum
343 2395 371 2445 l.
384 2408 526 2444 xvm.
556 2394 791 2444 Annalium
804 2397 1120 2461 Romanorum)
1142 2399 1411 2463 suspicatur,

166 2458 397 2519 superiore
412 2475 529 2508 anno
540 2460 795 2509 Praeturam
806 2462 980 2525 gestisse
991 2464 1259 2512 Frontinum
1270 2499 1288 2524 ,
1304 2483 1412 2515 cum

168 2522 270 2572 Kal.
302 2521 533 2584 Januariis
556 2523 682 2574 citati
702 2541 727 2572 a
747 2526 876 2573 nobis
893 2527 1019 2584 anni,
1035 2527 1301 2591 posteaquam
1325 2532 1411 2593 ipse

166 2588 369 2638 Senatum
389 2588 588 2654 (aberant
600 2593 709 2641 enim
718 2593 814 2641 novi
829 2590 1019 2655 Consules
1032 2593 1338 2707 Vespafian4ss
1355 2594 1413 2649 ἐξ

160 2675 167 2688 ·’
1294 2661 1414 2720 itus)
