1768 3224
527 240 621 298 ss,
657 219 1143 312 J.FRoNT1N1
1211 225 1414 296 vr'rA
1462 233 1484 314 Q
1529 222 1560 279 Γ

364 359 457 410 cola
483 354 584 420 cap.
607 370 656 417 9.
691 351 956 419 referente)
982 354 1147 417 Julium
1166 352 1460 419 Agricolam,
1492 366 1625 419 prae·

364 441 439 476 ter
473 434 651 471 ceteros
680 458 694 479 ,
753 420 874 470 inter
909 419 1130 468 Patricios
1164 420 1419 484 cooptavit.
1487 421 1628 490 Quod

363 506 469 544 cum
501 485 733 542 notaverit
758 484 990 534 Antonius
1013 483 1294 548 Augustinus
1317 484 1550 552 inopere
1575 485 1626 540 de

366 549 576 602 Gentibus
597 550 867 614 Familiisque
891 550 1180 599 Romanorum
1193 588 1207 610 ‚
1241 549 1479 615 ubi'Julios
1497 545 1624 601 Cori·

365 621 514 679 sales,
549 618 686 667 etiam
711 617 952 675 suffectos,
985 616 1091 680 post
1114 615 1361 681 Caligulam
1371 617 1439 670 ,ad
1460 616 1621 667 Maxi·

362 686 540 734 minum
553 686 882 748 Imperatorem
908 694 1169 740 enumerat3
1199 681 1342 730 miror
1368 682 1500 743 sane,
1533 682 1615 747 Ju-

363 752 478 800 lium
516 749 787 798 Frontinum
826 746 1027 796 nostrum
1069 746 1203 795 fuiss'e
1235 746 1301 796 ibi
1333 747 1622 811 praetermis·

365 817 477 875 sum,
549 815 689 882 Quod
723 828 839 862 vero
875 812 1060 861 Fulvius
1085 811 1302 873 Urfinus,
1338 812 1621 877 Richardus-

361 897 452 944 que
490 878 747 930 Streinnius
779 878 826 925 in
858 878 1061 941 eJ‘usdem
1101 877 1356 944 argumenti
1390 875 1621 942 Operibus

362 947 472 994 nihil
497 944 708 1009 de«Julio
742 946 964 992 Frontino
994 942 1153 992 nostro
1187 942 1424 1003 dixerint,
1459 945 1623 993 miran-

360 1012 471 1060 dum
509 1026 601 1060 non
637 1009 736 1067 est,·
771 1024 873 1057 cum
909 1009 965 1058 ad
997 1008 1185 1074 Trajani
1218 1022 1423 1072 tempora
1450 1010 1499 1060 hi
1526 1025 1622 1060 non

361 1077 691 1126 descenderint.
726 1108 728 1111 v

431 1145 491 1192 11.
523 1145 669 1196 Porro
695 1158 753 1193 ex
781 1142 861 1201 iis,
899 1156 1010 1211 quae
1034 1143 1184 1205 paullo
1214 1154 1322 1205 ante
1349 1142 1479 1201 dixi,
1512 1155 1622 1194 σου·

361 1207 509 1273 jicio,
546 1208 715 1272 Julium
742 1206 1014 1256 Frontinum
1048 1223 1143 1256 non
1172 1207 1337 1266 fuifl'e,
1379 1224 1439 1257 ex
1469 1205 1619 1256 veteri

362 1273 558 1326 Patricia
589 1274 627 1319 F
627 1272 806 1331 amilia;
841 1272 975 1327 fuifl'e
1007 1287 1157 1328 tamen
1183 1272 1456 1332 Patricium3
1490 1270 1622 1320 nimi*

362 1356 463 1392 rum
495 1353 555 1390 ex
584 1336 664 1396 iis,
700 1338 776 1401 qui
807 1350 886 1385 aut
918 1336 1041 1402 ipfi,
1064 1350 1142 1388 aut
1171 1337 1371 1400 ipsorum
1406 1343 1623 1402 parentes'

365 1405 487 1453 inter
513 1401 731 1452 Patricios
764 1403 820 1450 ab
855 1402 1209 1463 Imperatoribus
1234 1401 1416 1452 fuerant
1444 1400 1620 1451 adsciti.

359 1473 479 1518 Cum
507 1467 629 1516 enim
654 1466 819 1516 diserte
839 1466 885 1521 in
907 1467 1247 1515 Commentario
1267 1472 1318 1515 de
1338 1467 1622 1531 Aquaeduffi-

359 1538 442 1584 hus
468 1534 605 1598 (Art.
634 1531 708 1593 1.)
736 1531 951 1591 testetur,
983 1530 1190 1594 Officium
1207 1534 1425 1596 Aquas-um
1436 1533 1622 1582 admini-

347 1601 539 1667 stratum
558 1596 729 1660 semper
745 1610 821 1660 per
845 1597 1067 1660 Principes
1098 1599 1303 1651 Civitatis
1332 1598 1487 1658 Viros,
1520 1597 1622 1662 ipse

360 1664 549 1718 veroid
571 1662 790 1711 Officium
821 1661 1228 1724 administraverit,
1261 1676 1399 1732 atque
1421 1663 1528 1713 ideo
1543 1662 1623 1721 vel
1664 1725 1669 1728 v

359 1733 454 1780 hoc
477 1727 662 1778 nomine
690 1726 858 1790 liqueat
875 1765 890 1785 ‚
923 1744 1027 1779 eum
1055 1729 1178 1782 inter
1206 1729 1418 1784 Civitatis
1439 1727 1623 1785 Princi-

363 1812 448 1860 pes
476 1794 635 1851 fuiffe3
670 1792 910 1843 obtinuisse
939 1809 1119 1859 quoque
1142 1795 1295 1846 locum
1327 1794 1452 1848 inter
1473 1792 1619 1848 Patri-

360 1863 481 1918 cius,
515 1858 725 1906 credibile
746 1858 927 1921 prorsus
947 1859 1028 1909 est.
1077 1859 1206 1908 Num
1221 1874 1335 1909 vero
1356 1858 1620 1924 Juliian-

362 1927 447 1974 tini
471 1925 594 1974 Urbs
613 1924 759 1972 Roma
776 1924 919 1987 patria
940 1923 1110 1984 fuerit,
1142 1940 1197 1974 an
1219 1926 1302 1974 alia
1319 1924 1510 1990 regione
1533 1924 1620 1989 (ut

363 1991 508 2056 Julius
543 1987 763 2052 Agricola
791 1989 1163 2052 Forojuliensium
1198 1990 1410 2049 Colonia,
1447 1989 1620 2038 Tacito

364 2054 514 2120 teste)
540 2065 667 2101 ortus
682 2090 695 2111 ‚
732 2068 827 2101 non
849 2054 1115 2117 conjiciam:
1139 2054 1251 2104 nihil
1268 2054 1386 2105 enim
1408 2069 1619 2122 usquam,
1673 2104 1675 2106 .

364 2122 484 2194 unde
521 2118 818 2182 conjecturas·
840 2121 1094 2183 probabiles
1128 2120 1269 2177 ordiri
1300 2119 1475 2186 possem
1494 2157 1510 2181 ,
1545 2120 1616 2169 in-

359 2201 483 2241 vem.

426 2242 510 2299 111.
546 2249 721 2308 Nunc,
757 2262 992 2314 antequam
1022 2267 1163 2305 annos
1191 2268 1428 2316 propono,
1461 2265 1616 2300 mone·
1657 2286 1659 2289 -

358 2320 446 2374 bo,
482 2330 555 2363 me
579 2314 624 2364 in
649 2316 931 2364 numerandis
950 2318 1005 2364 ab
1032 2318 1159 2367 Urbe
1184 2318 1378 2376 Condita
1397 2316 1527 2365 annis
1549 2316 1618 2364 se-.

358 2394 572 2433 cuturum
590 2379 635 2428 in
650 2380 748 2429 vita
772 2380 859 2428 hac
871 2380 1103 2435 scribenda
1120 2382 1484 2446 supputationem
1494 2383 1616 2432 Var-

358 2444 483 2494 ronis
499 2482 512 2505 ,
550 2458 600 2493 ut
621 2446 866 2493 notiorem.
936 2447 1077 2514 Quod
1098 2447 1130 2495 fi
1149 2449 1202 2494 ab
1222 2445 1372 2506 annis,
1403 2449 1482 2512 qui
1503 2462 1613 2510 pro-

358 2522 590 2574 ponentur
609 2546 622 2570 ,
658 2509 770 2557 duos
802 2511 1037 2571 detrahes,
1070 2511 1254 2559 habebis
1283 2527 1424 2562 annos
1454 2513 1609 2569 secun-

359 2577 464 2633 dum
493 2574 831 2624 Frontiiiianam
855 2575 1216 2640 supputationem
1243 2614 1257 2637 ,
1300 2593 1414 2643 quae
1442 2578 1489 2628 in
1509 2577 1623 2624 Ari-⁴

1488 2655 1619 2699 nota·
