1768 3224
646 222 771 282 AD
869 212 1524 280 LECTOREM..

439 341 505 387 tas
531 324 794 402 adjecerat3
841 353 947 401 quas
975 349 1123 384 tamen
1149 372 1164 395 ,
1198 335 1368 400 ubique
1393 333 1598 395 venales,
1630 334 1679 383 in

438 419 536 454 mea
570 402 771 451 editione
803 403 953 464 denuo
997 401 1241 465 conspici,
1284 411 1379 449 non
1413 399 1558 460 visum
1587 394 1682 448 fuit

439 483 608 533 operae
638 468 858 531 pretiumz
903 466 1133 533 Quoniam
1168 465 1303 524 nimis
1326 477 1490 528 aperte
1524 464 1684 528 depre-
1764 504 1768 508 .

436 534 573 598 hendi
586 569 600 593 ‚
627 532 730 581 istas
749 531 1154 594 animadversiones
1171 531 1244 579 vel
1263 531 1455 580 maxima
1476 545 1534 579 ex
1555 541 1685 593 parte

439 598 669 655 Scriverio
687 624 704 656 ⁵
739 598 1025 657 Casauboff0,
1069 594 1279 654 Salmafio
1298 631 1313 654 ‚
1355 595 1541 659 aliisque
1563 595 1683 642 cele·

438 663 640 714 berrimis
670 662 778 712 viris
802 662 1060 724 subreptas,
1093 660 1251 727 (quod
1281 660 1329 709 in
1351 659 1474 716 notis
1495 659 1684 717 subinde
1763 691 1768 710 -,

437 728 624 790 monui)
644 728 716 776 vel
738 727 852 776 adeo
874 726 997 775 leve&
1016 726 1072 781 ,δι
1093 725 1298 785 indostas
1318 724 1439 786 effe,
1471 735 1524 774 ut
1542 723 1686 773 Ιεᾶο-
1761 775 1764 783 ,

437 795 498 843 ris
517 794 616 843 otio
630 792 675 841 in
690 791 771 840 illis
790 791 1043 855 relegendis
1062 791 1186 840 abuti
1203 790 1438 840 noluerim.
1487 791 1564 839 De
1584 790 1686 854 ejus
1707 797 1709 800 ·

437 858 632 909 hominis
654 856 871 906 litterario
894 857 1044 925 plagio
1064 856 1206 921 magis
1233 854 1404 914 certior
1427 854 1461 904 fi
1485 854 1584 918 fieri
1605 869 1687 902 cu-

438 924 559 989 pias,
593 922 788 986 inspice,
823 921 1013 986 quaeso,
1046 921 1196 985 magni
1215 922 1452 982 Burmanni
1472 919 1688 984 Prolegoo'

438 1004 570 1039 mena
589 988 642 1038 ad
665 987 756 1036 Rei
782 985 1035 1046 Venaticae
1057 987 1332 1050 Scriptores.
1400 989 1467 1035 At
1485 978 1599 1036 iliius
1619 985 1691 1032 in·
1764 996 1768 1005 ’·

438 1054 614 1116 scitiam
646 1051 816 1100 dudum
844 1053 938 1114 jam
969 1051 1168 1101 traduxit
1196 1051 1526 1100 Celeberrimus
1545 1048 1596 1099 δι
1620 1051 1694 1098 so-

438 1120 668 1168 lidisfimae
702 1116 933 1166 doetrinae=
955 1117 1026 1165 vir
1047 1118 1102 1180 J.
1124 1117 1380 1166 Perizonius
1399 1115 1448 1165 in
1469 1109 1690 1164 Animad-

443 1182 724 1246 verfionibus
754 1181 1000 1231 Historicis
1032 1198 1135 1247 pag.
1155 1196 1299 1242 445·‚
1334 1181 1401 1229 uti
1430 1180 1565 1229 etiam
1600 1180 1694 1228 hoe

441 1249 541 1312 ipso
570 1248 616 1304 in
639 1247 754 1295 libro
779 1247 1048 1297 T'ennuliuS.
1115 1249 1292 1298 Verum
1330 1259 1480 1294 tamen
1509 1261 1568 1295 ne
1590 1245 1690 1309 quis

444 1312 663 1369 curiofior
677 1311 1011 1375 ideoqueratur
1021 1349 1035 1370 ,
1053 1312 1204 1375 *aliqua
1215 1308 1390 1379 annobis
1401 1309 1558 1360 omissa
1573 1310 1664 1360 effe
1674 1344 1693 1369 ,

442 1394 536 1426 non
567 1377 708 1424 solum
742 1375 982 1437 diligenter
1012 1392 1071 1427 ex
1100 1373 1695 1441 Keuchenianisssvariantes'

443 1441 687 1491 Arceriani
699 1441 828 1490 MSti
841 1478 856 1498 ,
874 1457 965 1504 quo
983 1442 1108 1491 usum
1122 1441 1169 1490 se
1185 1439 1351 1503 jaEtat‚
1372 1439 1588 1501 leffiones
1610 1457 1692 1490 ex-

444 1507 612 1568 eerpfi,
649 1505 724 1553 sed
754 1505 805 1554 δε
828 1507 940 1553 meis
968 1506 1112 1562 notis,
1144 1505 1357 1569 quidquid
1383 1506 1527 1554 bonae
1546 1506 1705 1571 frugis*

439 1572 488 1619 in
511 1571 593 1618 ista
620 1569 847 1632 farragine
881 1569 1058 1630 inveni,
1091 1570 1169 1618 sub
1200 1568 1336 1632 ipsius
1365 1571 1553 1620 nomine
1577 1571 1689 1620 inse·
1712 1598 1723 1601 --
1766 1614 1768 1624 ,

442 1635 510 1683 rui
529 1672 542 1694 ,
573 1650 666 1691 *nec
683 1649 774 1682 non
800 1634 1133 1692 eru-ditissimam
1148 1669 1162 1692 ‚
1198 1650 1329 1698 quam
1348 1635 1407 1683 ad
1429 1651 1532 1685 eum
1550 1635 1688 1685 dede·
1766 1630 1768 1658 ³

441 1713 512 1749 rat
550 1699 743 1747 summus
772 1699 845 1747 vir
860 1700 927 1762 J.
971 1699 1020 1750 F.
1065 1700 1325 1761 Gronovius,
1363 1700 1600 1763 epistolam
1628 1716 1704 1752 ex-

444 1761 868 1814 Amstelaedamensi
906 1764 1109 1814 editione
1150 1766 1240 1814 huc
1265 1766 1540 1824 ‚transscribi
1571 1767 1688 1832 juffi.
1746 1785 1749 1791 ·

442 1829 547 1892 Ipse
570 1844 685 1886 vero
703 1828 807 1893 quid
832 1830 1162 1892 praestiterim,
1192 1831 1266 1879 vel
1283 1833 1443 1894 potius
1462 1831 1690 1896 praestare

444 1893 624 1943 adnisus
653 1892 814 1953 fuerim
841 1926 859 1952 ,⁴
888 1910 1007 1943 nune
1043 1895 1198 1957 paucis
1215 1898 1403 1962 accipe.
1470 1897 1701 1959 Λιιέίὶῡιῆεν

446 1972 626 2008 textum
647 1973 737 2006 non
762 1959 856 2008 solo
873 1975 931 2007 ex
945 1960 1128 2023 ingenio
1142 1996 1155 2019 ‚
1190 1960 1265 2009 sed
1289 1976 1386 2013 tum
1402 1965 1703 2021 ceterorum,-

442 2024 520 2088 qui
555 2023 710 2072 eadem
746 2026 1073 2086 strategemata
1101 2041 1513 2078 commemoravere
1533 2064 1549 2086 ,
1591 2044 1686 2076 rna.-

445 2104 629 2154 gnoque
649 2087 760 2137 mihi
781 2088 878 2144 usui
906 2088 1120 2150 fuerunt,
1142 2089 1461 2149 historicorum
1482 2092 1686 2142 collatio·-
1766 2143 1768 2152 Α

443 2170 530 2213 ne,
563 2168 660 2202 turn
691 2153 964 2215 opt-imorum
998 2155 1362 2218 compluriumve‘
1383 2172 1515 2208 manu
1536 2172 1690 2218 exara-
1766 2161 1768 2166 ⁴

445 2233 597 2275 toturn
629 2218 840 2268 codicum
864 2219 983 2279 fide,
1017 2233 1232 2282 quantum
1263 2222 1435 2287 potui,
1477 2223 1688 2281 emenda*-

446 2284 657 2333 tiffirnum
686 2282 806 2333 dedi.
873 2283 1019 2333 Hunc
1040 2285 1086 2334 in
1108 2284 1244 2337 finem
1267 2282 1692 2352 praeterladhibitos

445 2366 471 2397 a
484 2347 711 2397 Tennulio
722 2384 736 2407 ,
752 2347 802 2398 ἃ
816 2348 862 2397 in
881 2349 1084 2398 secundis
1098 2350 1248 2401 curisa
1257 2351 1489 2410 Seriverio
1500 2353 1688 2410 MStos‚

446 2428 637 2474 quorum
669 2413 791 2462 varia
823 2428 1037 2479 excerpta
1068 2415 1146 2464 suo
1179 2417 1424 2481 exemplari
1446 2454 1462 2472 ,
1505 2417 1564 2466 de
1594 2433 1689 2481 quo
1723 2419 1727 2423 ’

445 2479 577 2540 supra
605 2479 903 2539 commonui,
961 2480 1191 2529 adleverat
1210 2518 1225 2540 ,
1275 2482 1475 2531 consului
1505 2497 1689 2546 quoque

447 2552 538 2592 tres
567 2543 939 2594 membranaceos
964 2544 1170 2607 codices,
1202 2545 1280 2611 qui
1310 2547 1358 2599 in
1393 2545 1689 2613 copiosiffima

1562 2612 1688 2675 Lug·
1718 2619 1723 2625 '
1764 2618 1768 2619 ⁷
