1768 3224
225 311 271 363 A
323 310 369 377 J.
406 276 715 373 pontivo
757 271 1205 361 coNTExmA:

70 416 124 477 ’;,
158 416 274 478 effe,
306 415 382 466 sed
400 430 460 465 ne
481 428 767 464 memoratam
787 413 1002 480 quidem3
1040 416 1203 477 crede,
1237 416 1340 483 quia

96 519 124 542 „
164 480 344 546 facilius,
374 479 628 533 confirmari
664 492 848 543 poterat
878 514 898 540 ,
941 497 1072 545 quam
1106 482 1340 533 infirmari.

97 583 126 605 „
161 549 286 597 Nam
313 555 366 594 ut
384 544 431 593 in
456 543 596 608 Fastis
616 545 827 594 Idatianis
854 544 1007 610 (quod
1033 547 1239 595 Not-iiius
1260 549 1340 596 mi·

96 647 124 672 „
159 611 279 663 nime
295 609 559 674 ignoravit)
571 609 789 674 scriptum
799 609 1012 674 legimus:
1037 609 1227 675 Trojano
1239 613 1342 663 ΠΙ.

97 713 125 736 ,,
158 673 216 732 &⁹
241 675 420 725 Pontino
433 691 452 733 ,-
486 673 550 723 ita
569 674 776 738 proclive
810 675 1053 724 admodum
1075 680 1142 725 est
1165 678 1258 726 aliis
1281 694 1344 728 ex

58 750 62 755 “
94 777 123 799 „
158 740 300 790 Fastis
318 739 555 804 suspicari,
586 739 705 790 istud
725 740 898 788 Pontini
921 756 1084 790 nomen
1109 741 1232 791 forte
1251 741 1344 792 ess'e

96 810 123 867 ,Ῐ,
156 804 416 856 mendosum
442 841 457 864 ,
501 819 555 853 ac
586 804 826 868 legendum
871 805 962 854 effe
1000 805 1215 856 Frontino.
1286 808 1342 857 Id

97 905 125 929 ‚‚
160 871 280 921 enim
300 869 546 930 scripturae
565 870 728 929 vitium
760 886 815 919 an
847 869 1021 919 facilius
1042 871 1089 921 in
1112 872 1339 932 Frontino,

95 970 124 1001 ¹.»
191 951 291 985 uam
309 935 356 984 in
377 934 582 982 Frontone
602 934 842 984 scribendo
861 935 972 983 oriri
994 937 1223 999 potuerit,
1258 938 1343 987 etti

93 1035 122 1066 ι,
158 953 476 1051 {metuentius
510 999 558 1048 in
593 1001 746 1049 medio
777 1000 1019 1066 relinquit,
1050 1001 1168 1052 haud
1193 1015 1346 1054 tamen

91 1068 121 1124 ,ζ,
145 1064 335 1126 ,difficile
362 1063 430 1114 est
450 1063 719 1115 existimare.
931 1120 933 1122 ,

47 1187 50 1190 ‚
108 1134 117 1141 ““
159 1130 361 1182 xxvu.
394 1165 421 1186 ‚‚
457 1129 546 1179 Sed
582 1146 713 1193 quam
752 1130 966 1181 Norifius
1001 1131 1223 1182 rationem
1247 1147 1342 1182 non

95 1230 124 1254 ,,
153 1193 335 1260 attigit,
365 1194 507 1254 hanc,
538 1193 571 1242 fi
591 1194 676 1243 tibi
698 1196 907 1255 videtur,
942 1195 989 1244 in
1007 1197 1256 1259 praesentia
1274 1199 1343 1246 se-

94 1296 123 1319 ,
157 1275 402 1324 ponamus:
436 1274 543 1322 quas
585 1275 698 1307 vero
734 1261 791 1310 ad
829 1261 1016 1325 Pagium
1043 1261 1236 1325 scripsit,
1267 1278 1343 1311 eas

97 1360 124 1386 ,
156 1338 314 1373 omnes
334 1338 394 1372 ex
416 1322 575 1370 ordine
595 1325 891 1374 attendamus.
958 1325 1067 1382 Dio,
1089 1326 1264 1390 inquit,
1295 1330 1342 1374 in

99 1427 127 1450 „
161 1390 306 1437 Nerva
330 1387 573 1435 Frontonem
594 1396 696 1434 tunc
728 1389 933 1450 consulem
953 1391 1154 1443 nominat.
1224 1391 1340 1440 Non

98 1468 127 1514 ,ᾖ
161 1453 299 1503 modo
337 1452 428 1500 hoc
462 1451 699 1512 Norilius,
746 1468 846 1502 cum
890 1453 1062 1517 sctspfit
1096 1455 1340 1517 Epistolam

96 1554 125 1579 ,
161 1516 470 1574 Consularem,
503 1528 552 1563 ut
570 1516 698 1579 supra
719 1516 1019 1576 ostendimus,
1051 1534 1141 1567 non
1161 1519 1342 1583 ignora·

95 1619 124 1642 ,υ
158 1584 264 1640 bat,
295 1579 371 1628 sed
401 1594 460 1628 ne
489 1579 597 1628 illud
639 1580 849 1644 quidem,
882 1582 1199 1645 Cuspinianum
1233 1600 1344 1632 vero

94 1685 124 1710 „
158 1646 405 1695 Frontinum
424 1643 470 1692 in
500 1643 659 1693 Dione
684 1646 920 1709 legendum
942 1646 1130 1709 putass'e.
1198 1649 1259 1696 Et
1281 1649 1345 1696 sa-
1401 1702 1404 1703 ⁷

94 1749 123 1775 „
157 1726 217 1761 ne
237 1711 285 1759 in
302 1711 515 1758 Italorum
539 1709 799 1759 nominibus
819 1711 1060 1775 persaepe,
1093 1711 1144 1761 δι
1163 1711 1296 1761 facile
1315 1729 1342 1762 a

0 1799 1 1820 ι
94 1814 123 1837 ,‚
160 1773 346 1826 Graecis
383 1772 685 1832 Auctoribus,
720 1776 794 1822 vel
818 1788 945 1823 certe
969 1776 1158 1825 librariis
1180 1792 1342 1841 pecca-v

83 1870 124 1901 ν,
161 1853 253 1888 tum
270 1838 386 1895 effe,
414 1853 515 1885 cum
536 1837 609 1885 alii
626 1837 1067 1900 anImadverterunt3
1095 1855 1187 1889 tum
1211 1858 1343 1906 prae·

94 1944 123 1966 „
157 1905 310 1954 sertim
344 1902 634 1951 Robortellus
671 1904 931 1963 admonuit,
977 1906 1261 1956 Plutarchum
1294 1907 1342 1957 in

93 2008 121 2032 υ
151 1969 379 2033 Poplicola
410 1967 588 2031 Δαέρτῖω
623 1968 827 2033 (Κλοίςριν
860 1968 1014 2029 potius
1038 2008 1052 2029 ,
1097 1972 1171 2020 vel
1195 1971 1340 2034 Λέρου,

93 2073 120 2096 ,
154 2048 205 2083 ut
226 2033 404 2083 notavit
433 2033 679 2096 Sigonius)
709 2033 924 2098 scripfiffe
947 2051 1033 2099 pro
1053 2035 1256 2093 Lartem3
1291 2038 1336 2086 in

91 2138 119 2161 „
153 2099 376 2147 Cicerone
413 2109 563 2145 autem
590 2098 789 2147 Clodiam
822 2099 936 2147 illam
963 2100 1336 2167 ,quadrantariam

91 2203 119 2226 ,‚
155 2163 335 2214 vocasse
357 2162 644 2220 xxorxpoevra'aev:
670 2180 696 2211 a
715 2163 933 2227 Dionyfio
955 2181 1134 2229 quoque
1146 2168 1204 2215 A.
1220 2168 1338 2215 Ver·

86 2260 121 2291 .
154 2228 323 2293 ginium
354 2229 625 2290 appellatum
659 2228 748 2277 effe
781 2229 991 2287 Μοντανὶν,
1025 2245 1159 2292 quem
1185 2232 1336 2279 Latini

92 2331 120 2355 „
153 2293 360 2341 dicebant
381 2293 744 2343 Caelimontanam.
793 2295 915 2364 Quid
936 2293 1084 2342 multis
1110 2311 1221 2356 opus
1233 2294 1337 2343 est?

13 2367 17 2371 ⁴
93 2396 121 2421 ,‚
155 2359 212 2406 ln
234 2357 362 2421 ipfls,
390 2357 615 2420 dequibus
635 2358 884 2421 loquimur,
903 2358 1121 2417 Frontini,
1144 2357 1334 2408 &Fron-

31 2421 36 2425 ’
90 2460 118 2483 „
152 2424 266 2470 tonis
291 2421 542 2470 nominibus
561 2423 1019 2485 permutandislapsos
1034 2422 1335 2474 effelibrarios

11 2542 18 2547 .
90 2487 118 2547 ,ᾖ
154 2485 342 2538 Aeliani
359 2486 545 2534 Taffica
563 2485 888 2544 describentes,
921 2486 1054 2535 facile
1068 2487 1134 2536 est
1155 2502 1214 2536 ex
1233 2491 1332 2538 Six-

52 2556 66 2593 ,’
90 2566 121 2613 θ’
153 2551 189 2600 ti
231 2549 407 2605 Arcerii
446 2550 492 2599 in
530 2551 650 2604 haec
688 2551 833 2599 Notis
874 2552 1135 2614 intelligere.
1219 2556 1333 2602 Cum

0 2613 41 2672 ’ζ
86 2617 117 2683 4,
151 2615 267 2666 enim
301 2614 519 2680 primum,
560 2616 696 2681 idque
730 2616 887 2675 recle,
919 2616 1184 2681 scripsiffent
1215 2618 1333 2684 a&

695 2682 797 2709 *ve*
831 2696 863 2744 5
1168 2718 1194 2739 3.
1226 2695 1327 2747 4⁹7·
