1768 3224
625 279 671 328 S.
737 278 778 349 J.
846 277 1255 328 FRONTINI
1319 277 1536 330 VITA·

441 402 554 438 rem.
621 386 868 447 Regnante
908 399 1022 440 vero
1043 383 1274 453 Trajan0‚
1307 386 1536 450 prioribus
1557 388 1685 437 annis

438 464 546 508 ante
567 466 732 502 annum
750 450 896 510 hunc,
929 451 1105 500 Romae
1121 450 1171 499 in
1192 454 1426 515 Aquarum
1446 468 1550 501 cura
1565 468 1688 501 man.

440 517 539 575 fiffe
560 515 827 566 Frontinum
844 552 858 571 ‚
892 530 950 567 ex
984 514 1083 584 ipso
1109 516 1160 567 de
1180 517 1519 580 Aquaedubh'bus
1551 519 1688 566 Com,

440 580 666 633 mentario
693 580 796 632 satis
830 579 984 643 liquet..
1075 581 1200 645 Ergo
1233 582 1507 632 credendum
1541 581 1687 644 effet,
1718 603 1726 610 ·
1761 582 1768 590 '

439 645 543 711 post
566 644 749 694 tertium
774 644 1059 696 Consulatum
1079 646 1254 700 mlss'um
1265 645 1397 700 fuiss‘e
1419 646 1684 702 Frontinum

438 711 496 763 ad
535 710 738 775 regimen
771 709 1294 772 honorificentiffimum,
1326 724 1463 776 atque
1491 712 1597 761 nulli
1618 713 1688 761 se·

439 776 666 833 cundum,
699 773 867 824 scilicet
888 777 943 824 ad
961 775 1093 824 Aliae
1109 777 1509 836 Proconsulatum3
1540 780 1691 842 Smyr-.-
1766 806 1768 811 ·

437 856 524 897 nae
544 840 739 898 etenim,
772 839 853 887 ubi
878 855 1089 894 nummus
1112 840 1179 895 est
1203 840 1465 910 percuffus,
1501 843 1624 896 Urbs.
1639 843 1691 898 in
1732 841 1743 846 ”
1764 859 1766 862 ’

434 905 567 963 Asiae
586 904 830 961 Provincia
854 919 966 957 erat.

824 1010 979 1044 Anno
1023 1002 1303 1048 Cfln.CVL

795 1054 852 1098 V.
888 1055 941 1099 C.
980 1055 1328 1103 DCCCLVIIII.

725 1109 778 1158 L·
820 1111 1069 1156 CEIONIO
1108 1113 1398 1158 Comuono

676 1165 730 1216 L,
769 1165 957 1217 Tvrro
1000 1167 1257 1219 Cunnum
1297 1169 1454 1218 Coss.

502 1288 651 1337 XLII.
697 1290 812 1344 Non
842 1300 948 1344 ante
981 1288 1103 1341 hunc
1139 1306 1304 1344 annum
1335 1290 1431 1343 vita
1459 1289 1691 1341 exceffiffe
1759 1326 1762 1327 γ

441 1353 737 1420 Frontinum,
772 1354 951 1427 opinor.
1017 1356 1072 1403 In
1103 1355 1303 1418 Epistola
1327 1354 1508 1422 quidem
1530 1362 1574 1413 8.
1607 1355 1687 1408 lib.
1758 1382 1765 1389 -

441 1434 511 1471 xv.
547 1419 712 1467 Plinius
736 1418 916 1477 scribit,
950 1419 997 1467 se
1013 1419 1328 1474 succeffiss'ein
1346 1418 1692 1484 AuguratuJu-

436 1485 494 1538 lio
513 1483 717 1538 Frontino
733 1523 744 1543 ,
755 1485 941 1547 principi
963 1487 1067 1538 νὶνα.
1134 1485 1420 1548 Auguratum
1435 1498 1582 1538 autem
1602 1485 1691 1534 Pli·
1765 1495 1768 1497 ’

435 1548 539 1601 nius
561 1565 586 1596 a
607 1550 808 1612 Trajano
836 1549 1029 1611 petierat
1058 1549 1105 1598 in
1129 1548 1358 1613 Epistola,
1389 1565 1505 1619 quae
1527 1549 1691 1604 oftava
1762 1570 1768 1571 ⁷

436 1612 505 1669 est
526 1613 691 1661 decimi
714 1612 870 1671 Libri3
908 1614 1027 1663 unde
1057 1614 1226 1683 liquet,
1261 1614 1467 1678 Trajano
1490 1630 1683 1679 regnan·

432 1692 510 1736 te,
545 1678 810 1729 Frontinum
835 1677 1018 1732 obiiss‘e:
1051 1695 1152 1727 narn
1177 1680 1439 1744 Augur-atus
1467 1694 1560 1731 non
1591 1680 1688 1730 adi·
1752 1737 1757 1741 ¹

434 1743 642 1795 mebatut
673 1742 877 1802 viventi,
911 1757 960 1790 ut
1000 1744 1047 1798 in
1081 1744 1280 1812 superius
1315 1744 1451 1798 citata
1484 1744 1709 1808 Epistola*

432 1806 603 1858 Plinius
638 1807 856 1867 affirmat,
892 1807 944 1862 δε
976 1808 1233 1874 Antiquarii
1265 1824 1421 1862 omnes
1459 1810 1515 1865 ad
1546 1825 1688 1874 unum
1758 1811 1762 1814 ’

433 1872 756 1930 consentiunt3
791 1874 822 1927 fi
849 1873 1087 1932 sciremus,
1119 1889 1211 1938 quo
1236 1889 1356 1929 anno
1374 1875 1540 1931 Plinius
1561 1890 1685 1927 crea-

428 1949 506 1991 ·tus
534 1937 675 1990 fuerit
711 1940 903 2002 Augur,
946 1939 1155 1993 sciremus
1218 1939 1369 1992 uidem
1401 1939 1559 1998 etiam,
1593 1957 1686 2006 quo

432 2017 553 2050 anno
578 2003 820 2056 Frontibus
843 2016 1043 2051 mortuus
1068 2005 1137 2058 fit,
1187 1956 1234 2076 (ᾖ
1640 2008 1650 2015 “

435 2068 572 2123 Plinii
593 2067 967 2130 Vita‚autumat,
987 2069 1175 2118 Plinium
1200 2082 1321 2123 inter
1344 2071 1554 2133 Augures
1572 2069 1685 2120 fuis-

432 2132 483 2181 se
503 2147 766 2196 cooptatum
787 2139 906 2180 a'nno
949 2133 1007 2182 V.
1042 2136 1092 2188 C.
1127 2139 1237 2197 856.
1270 2134 1344 2182 sed
1366 2135 1468 2198 quia
1502 2134 1685 2193 Maffon

432 2197 482 2249 in
506 2213 602 2250 eam
634 2199 902 2253 sententiam
938 2198 1084 2245 fertur
1120 2201 1181 2247 ob
1215 2200 1426 2249 nonnulla
1457 2202 1598 2249 verba
1621 2217 1680 2251 ex
1740 2207 1742 2209 ’

434 2260 581 2316 Libro
605 2263 663 2311 de
692 2264 905 2326 Agrorum
925 2262 1154 2335 „Qualitate
1184 2263 1409 2323 defututa,
1443 2264 1519 2333 qui
1544 2266 1681 2319 Libet
1747 2271 1748 2274 ’

433 2326 553 2379 haud
576 2328 713 2381 dubie
733 2329 953 2376 Frontino
970 2327 1126 2376 nostro
1150 2327 1286 2382 tribui
1308 2343 1399 2380 non
1422 2329 1576 2391 potest
1589 2330 1686 2397 (ut,
1766 2355 1768 2358 ·

1234 2020 1402 2057 oannes
1430 2005 1613 2059 Maffon
1635 2025 1687 2062 ln
1767 2006 1768 2017 ³

436 2391 515 2443 ubi
538 2406 699 2454 agetur
716 2394 773 2446 de
805 2393 951 2444 Libris
983 2409 1007 2440 a
1039 2393 1265 2441 Frontino
1285 2392 1442 2441 nostro
1475 2395 1681 2458 scriptis,
1763 2399 1768 2418 ⁵

434 2455 836 2518 demonstrabitur)
868 2457 1042 2505 iccirco
1075 2458 1262 2511 caussam
1287 2457 1571 2521 conjecturae
1597 2461 1683 2510 Vi·
1761 2466 1768 2519 'j

435 2520 503 2582 ri,
538 2522 800 2585 ceteroquin
822 2522 1127 2581 eruditiffimi,
1160 2522 1351 2584 probare
1370 2538 1462 2578 non
1489 2524 1682 2587 poss‘um,
1766 2563 1768 2566 .

497 2586 669 2642 XLffl.
702 2589 862 2659 ltaque
904 2585 1124 2655 ingr-effus
1148 2588 1242 2640 sum
1262 2587 1320 2637 ad
1341 2588 1679 2661 conjiciendum
1760 2586 1768 2595 ’

1591 2667 1684 2710 lte?
1755 2678 1768 2686 ’·
