1768 3224
280 265 1092 326 'PRAEFATIQ

56 437 60 441 ,
115 384 263 434 eidem
280 381 509 432 dedicatos
532 377 745 442 opinatur
766 379 846 427 sub
864 379 956 427 fine
977 380 1005 427 l.
1021 395 1095 429 11.
1122 396 1162 431 c.
1178 393 1221 441 3.
1244 395 1368 429 com-

113 461 253 498 ment.
287 448 334 497 in
365 447 629 508 vegetium.
697 445 821 493 Nam
851 446 1046 494 Nervae
1087 461 1142 494 ac
1175 445 1364 508 Trajani

116 511 394 578 temporibus
411 510 656 574 praecipue
675 508 722 558 in
742 510 892 574 pretio
916 509 1030 570 fuit,
1054 509 1174 575 quod
1189 508 1240 559 <Sc
1257 511 1362 560 alibi

115 581 434 630 Volaterranos
466 587 760 624 commentar.
803 576 975 624 Urban.
1021 576 1097 626 lib.
1127 589 1227 625 xv1.
1262 590 1357 624 non

113 644 301 693 obscure
333 639 608 700 subindicat,
641 640 693 690 <Sc
724 639 800 704 qui
837 654 980 688 totam
1010 640 1128 690 hanc
1162 639 1357 690 nostram

109 709 235 759 litem
260 723 352 756 uno
367 707 474 755 loco
496 705 710 755 diffecat:
742 705 897 766 Julius
914 705 1146 754 Frontinus
1172 707 1231 754 ad
1251 705 1356 755 Tra-

87 770 90 775 ’
99 779 254 840 janum
275 775 404 821 libros
425 782 602 835 quatuor
613 770 970 836 strategematum
985 770 1186 837 scripsit,
1223 770 1280 827 &²
1308 773 1359 820 de

107 840 244 903 Aquis
262 841 395 889 urbis.
464 838 518 887 N
520 853 574 886 ec
593 838 701 886 alius
717 838 922 887 Frontini
944 842 1225 887 mentionem
1252 837 1357 886 fieri

105 906 220 968 apud
246 905 458 968 antiquos
480 916 624 967 put0,
657 919 789 967 quam
812 903 943 952 unius
965 902 1256 967 ejusdemque
1272 918 1359 951 no-

105 970 214 1031 stri,
249 970 324 1034 qui
357 971 730 1032 strategematum
752 968 993 1027 nimirum,
1036 970 1359 1032 Aquarumque

103 1035 277 1084 libellos
312 1034 556 1098 congeffit3
595 1032 645 1082 ἅ
670 1034 797 1097 cujus
829 1035 1073 1083 etiamnum
1104 1034 1359 1097 fragmenta

102 1099 272 1162 restant
312 1101 371 1149 de
420 1098 736 1168 Qualitatibusv
770 1100 999 1164 Agrorum
1020 1136 1035 1158 ,
1090 1097 1357 1157 Limitibus,

103 1164 340 1214 maximam
369 1177 544 1228 partem
576 1163 733 1213 mutila
774 1180 829 1213 ac
855 1163 1228 1228 inquinatiffima,
1256 1170 1361 1211 'va-

104 1230 268 1294 riisque
303 1230 488 1278 confuta
511 1229 769 1294 segmentis.
842 1228 1028 1293 Scripsit
1052 1229 1172 1278 idem
1190 1229 1248 1275 de
1269 1229 1360 1276 Co·

107 1295 238 1345 Ioniis
268 1294 555 1358 opuseulum,
589 1293 666 1342 sed
697 1295 820 1357 quod
851 1294 988 1350 hodie
1020 1294 1245 1342 diversum
1280 1307 1361 1342 ex·

109 1360 319 1419 hibetur,
354 1374 408 1406 ac
422 1358 624 1421 ejusdem
635 1358 808 1417 farinae
831 1359 1097 1422 fragmentis
1116 1358 1360 1419 interpola·

112 1438 238 1483 tum,
269 1425 325 1472 ab
343 1421 621 1485 Ampliffimo
646 1421 770 1471 Viro
797 1424 847 1472 P.
871 1422 1130 1481 Scriverio,
1165 1438 1268 1470 cum
1293 1436 1363 1468 re-

108 1488 239 1552 liquis
267 1487 464 1550 primum
487 1501 545 1535 ex
574 1486 843 1536 membranis
870 1488 1058 1536 editum.
1129 1489 1165 1535 F
1167 1488 1360 1534 alluntur

107 1555 243 1602 etiam
265 1552 347 1612 illi,
383 1550 461 1615 qui
479 1550 663 1599 ulterius
678 1551 1018 1614 disquIrendum
1043 1551 1361 1611 contendunt,

111 1634 165 1679 an
189 1617 399 1666 Urbanus
427 1615 500 1663 ille
535 1617 745 1672 Praetor,
789 1616 917 1678 cujus
958 1616 1151 1665 Tacitus
1182 1615 1258 1665 lib.
1282 1629 1358 1665 1v.

109 1681 414 1733 Historiarum
443 1679 677 1739 meminit,
715 1680 770 1728 ad
797 1680 1061 1744 Vespasiani
1085 1682 1147 1730 II.
1183 1678 1234 1729 &
1258 1679 1362 1730 Titi

63 1766 66 1769 ’
111 1747 386 1810 consulatum
400 1783 414 1806 ,
427 1746 503 1809 qui
513 1746 562 1794 in
574 1761 741 1794 annum
755 1744 894 1794 Urbis
906 1746 1067 1794 incidit
1081 1758 1361 1796 mcccxxm.

111 1813 233 1862 idem
257 1827 362 1860 cum
393 1810 549 1859 nostro
574 1812 797 1858 Frontino
827 1810 909 1860 fit:
945 1827 1077 1874 quam
1103 1810 1153 1860 &
1178 1811 1359 1874 opinio-

112 1892 215 1928 nem
251 1892 343 1941 non
382 1875 596 1940 exiguum
627 1875 879 1938 scrupulum
923 1876 1146 1940 plerisque
1178 1876 1359 1939 quidem

110 1959 205 1993 non
224 1941 516 1992 mediocriter
549 1940 696 1990 deciis
726 1940 930 2005 injeciffe
948 1941 1149 1989 memini.
1221 1937 1389 1988 Nunc’

57 2067 60 2071 ¹
109 2008 333 2058 audiamus
362 2007 571 2056 Carolum
608 2005 852 2070 Sigonium
896 2007 1077 2068 Syllabo
1116 2005 1363 2054 historico·

70 2126 72 2129 ,
111 2089 212 2123 rum
235 2075 570 2122 Romanorum:
607 2071 725 2120 Sext.
742 2070 894 2131 Julius
911 2070 1139 2118 Frontinus
1143 2070 1361 2134 stratege-

114 2147 273 2188 matum
285 2138 414 2186 libros
424 2135 663 2200 conscripsit
674 2173 688 2196 ,
701 2138 746 2183 in
757 2139 906 2198 quibus
916 2153 968 2184 ex
990 2139 1176 2184 omnibus
1197 2134 1364 2198 histori-

114 2207 176 2252 cis
187 2205 374 2267 exempla
387 2205 432 2249 in
448 2212 582 2250 certos
597 2204 705 2250 locos
727 2201 939 2264 destinata
959 2201 1115 2265 (valet
1128 2196 1357 2263 distinaa)

53 2278 56 2283 '
119 2278 332 2317 enumerat
345 2266 499 2330 copiose
510 2304 523 2326 ,
536 2265 593 2321 ἐξ
603 2283 760 2329 magna
771 2283 863 2316 cum
875 2268 1065 2314 utilitate
1075 2284 1091 2316 .·
1110 2267 1209 2314 licet
1215 2268 1356 2327 plera-

116 2349 191 2396 que
203 2335 467 2382 librariorum
488 2348 622 2379 errore
652 2335 789 2395 inepte
810 2331 902 2394 finc
926 2334 1120 2395 repetita.
1186 2333 1360 2381 Nervae

60 2446 63 2449 .
119 2395 176 2452 &⁹
197 2399 375 2462 Trajcmi
389 2399 640 2459 temporibus
654 2400 782 2446 vixit.
848 2399 978 2466 Quae
993 2399 1292 2455 verbotenus,
1316 2406 1366 2442 ut

48 2466 50 2470 ’
120 2463 259 2512 multa
280 2463 382 2522 alia,
414 2465 526 2519 3⁷1&
540 2461 644 2521 σός
670 2464 783 2517 in&
815 2461 862 2511 in
884 2472 1005 2511 iuum
1026 2474 1286 2523 apparatum
1307 2459 1363 2507 ad

123 2528 320 2587 omnium
360 2531 560 2590 gentium
604 2528 833 2576 historiam
877 2525 1095 2575 transtulit
1139 2525 1366 2574 Antonius

26 2594 82 2654 {2}
121 2591 415 2652 Poffevinus,
450 2593 572 2644 8ect-
609 2609 686 2646 111.
722 2607 822 2653 cap.
858 2608 905 2652 4.
975 2593 1209 2641 Caeterum
1241 2588 1364 2701 qulpd

23 2181 55 2203 Ι.
